1360474351,23.537000000000,0.500000000000
1360474417,23.537000000000,3.132680230000
1360474545,23.536990000000,0.500000000000
1360474565,23.536990000000,0.250000000000
1360474580,23.536990000000,0.250000000000
1360474624,23.500010000000,0.500000000000
1360474663,23.500010000000,1.000000000000
1360474663,23.500010000000,0.050216400000
1360474663,23.500010000000,1.370000000000
1360474668,23.500010000000,7.347344810000
1360474668,23.500000000000,0.652655190000
1360474706,23.500000000000,0.250000000000
1360474726,23.500000000000,1.917000000000
1360474726,23.500000000000,3.700000000000
1360474754,23.500000000000,0.250000000000
1360474816,23.502000000000,0.250000000000
1360474817,23.505000000000,0.100318470000
1360474825,23.505000000000,0.149681530000
1360474825,23.510000000000,0.500000000000
1360474825,23.520000000000,0.250000000000
1360474825,23.530000000000,0.500000000000
1360474825,23.536990000000,6.899559310000
1360474825,23.570000000000,0.500000000000
1360474826,23.612870000000,11.200759160000
1360474868,23.612860000000,6.098400000000
1360475337,23.500090000000,0.150000000000
1360475366,23.504010000000,0.150000000000
1360475368,23.504020000000,0.150000000000
1360475370,23.610000000000,0.010000000000
1360475407,23.504040000000,0.425458770000
1360475412,23.610000000000,0.010000000000
1360475468,23.504040000000,4.015000000000
1360475468,23.504020000000,2.985000000000
1360475469,23.599990000000,0.010000000000
1360475616,23.504020000000,6.927083110000
1360475616,23.500000000000,14.896933310000
1360475616,23.500000000000,1.000000000000
1360475616,23.500000000000,6.127800000000
1360475617,23.500000000000,5.000000000000
1360475617,23.500000000000,3.604300000000
1360475617,23.500000000000,4.993883580000
1360475618,23.599990000000,0.010000000000
1360475805,23.500010000000,1.214947560000
1360475806,23.599890000000,0.010000000000
1360475873,23.500010000000,0.044908870000
1360475874,23.500000000000,4.076283400000
1360475875,23.599890000000,0.010000000000
1360476098,23.500000000000,9.945000000000
1360476099,23.599880000000,0.010000000000
1360476101,23.500000000000,0.018662250000
1360476104,23.599880000000,0.010000000000
1360476432,23.599880000000,5.000000000000
1360476621,23.599880000000,1.000000000000
1360476629,23.500020000000,0.019067950000
1360476629,23.599880000000,0.010000000000
1360476770,23.500020000000,0.014300960000
1360476770,23.599880000000,0.010000000000
1360476788,23.599880000000,9.763778450000
1360476990,23.599880000000,1.271186440000
1360477147,23.599880000000,20.341200000000
1360477291,23.599880000000,0.211864410000
1360477374,23.500000000000,0.966170770000
1360477374,23.500000000000,3.933829230000
1360477375,23.599880000000,0.010000000000
1360477441,23.599880000000,49.847556040000
1360477441,23.610010000000,0.150000000000
1360477441,23.614010000000,0.150000000000
1360477441,23.620010000000,0.150000000000
1360477441,23.630010000000,0.250000000000
1360477441,23.639010000000,9.452443960000
1360477444,23.500010000000,0.010000000000
1360477825,23.500100000000,97.254292810000
1360477825,23.500010000000,2.745707190000
1360477829,23.640000000000,0.010000000000