1312779118,7.788610000000,0.114300000000
1312779122,7.788610000000,0.410000000000
1312779146,7.788710000000,1.500000000000
1312779149,7.788710000000,13.500000000000
1312779236,7.788610000000,1.950000000000
1312779252,7.788210000000,8.000000000000
1312779267,7.788210000000,0.149600000000
1312779382,7.788610000000,3.492000000000
1312779422,7.788510000000,0.128600000000
1312779445,7.788610000000,2.500000000000
1312779485,7.788610000000,6.721219190000
1312779515,7.788610000000,0.140600000000
1312779541,7.788710000000,15.000000000000
1312779541,7.788010000000,5.000000000000
1312779585,7.788110000000,3.556448690000
1312779661,7.788110000000,0.139300000000
1312779683,7.788200000000,15.000000000000
1312779769,7.788740000000,0.487200000000
1312779769,7.788720000000,15.000000000000
1312779769,7.788620000000,75.000000000000
1312779769,7.788200000000,13.080388270000
1312779769,7.788010000000,3.888600000000
1312779769,7.787000000000,1.757000000000
1312779769,7.738000000000,0.010000000000
1312779770,7.725820000000,3.640000000000
1312779770,7.709210000000,0.080000000000
1312779770,7.709050000000,4.690000000000
1312779770,7.709010000000,1.481075390000
1312779833,7.788840000000,0.147800000000
1312779834,7.788940000000,14.852200000000
1312779902,7.712000000000,0.112800000000
1312779904,7.712000000000,0.133600000000
1312780024,7.738200000000,0.126000000000
1312780024,7.787840000000,1.032014500000
1312780024,7.789000000000,10.241985500000
1312780413,7.712900000000,0.123800000000
1312780418,7.712980000000,0.109500000000
1312780420,7.788950000000,1.950000000000
1312780420,7.788970000000,0.730000000000
1312780704,7.713600000000,0.446700000000
1312780704,7.713580000000,0.519300000000
1312780736,7.713720000000,0.128800000000
1312780819,7.714120000000,15.000000000000
1312780819,7.714020000000,0.406800000000
1312780819,7.714000000000,10.310540570000
1312780825,7.714000000000,0.378500000000
1312780841,7.714000000000,0.352100000000
1312780849,7.713460000000,0.080000000000
1312780849,7.713240000000,0.080000000000
1312780849,7.713120000000,0.080000000000
1312780849,7.712880000000,0.160000000000
1312780850,7.712660000000,0.080000000000
1312780850,7.712540000000,0.066800000000
1312780854,7.714000000000,0.327600000000
1312780863,7.714000000000,1.220606540000
1312781019,7.788970000000,0.290000000000
1312781032,7.789000000000,5.832450000000
1312781032,7.789000000000,0.080000000000
1312781041,7.789070000000,0.104200000000
1312781115,7.789990000000,5.087800000000
1312781115,7.790000000000,5.754333110000
1312781129,7.790100000000,1.000000000000
1312781155,7.790100000000,0.132600000000
1312781266,7.790200000000,0.126000000000
1312781313,7.790300000000,0.329000000000
1312781369,7.790400000000,0.134500000000
1312781449,7.792600000000,5.000000000000
1312781467,7.792610000000,0.120100000000
1312781555,7.792610000000,0.130600000000
1312781593,7.798990000000,4.581382910000
1312781657,7.799100000000,0.120200000000
1312781715,7.800000000000,6.000000000000
1312781715,7.800000000000,0.952500000000
1312781835,7.800010000000,0.143500000000
1312781910,7.800200000000,1.450000000000
1312781912,7.800200000000,0.139100000000
1312781964,7.802280000000,0.080000000000
1312782017,7.802290000000,0.110900000000
1312782040,7.802290000000,0.122900000000
1312782113,7.805630000000,0.080000000000
1312782113,7.805650000000,0.080000000000
1312782113,7.805770000000,0.080000000000
1312782113,7.805990000000,0.160000000000
1312782114,7.806000000000,0.080000000000
1312782159,7.806240000000,0.080000000000
1312782185,7.806240000000,0.149000000000
1312782322,7.806360000000,0.080000000000
1312782340,7.806440000000,0.101200000000
1312782417,7.806580000000,0.080000000000
1312782475,7.806740000000,0.144600000000
1312782484,7.806740000000,1.000000000000
1312782508,7.806740000000,0.128500000000
1312782573,7.806940000000,2.060000000000
1312782579,7.806940000000,0.115200000000
1312782589,7.807890000000,0.080000000000
1312782697,7.834900000000,0.536100000000
1312782697,7.839510000000,5.800000000000
1312782765,7.840100000000,15.000000000000
1312782765,7.840000000000,4.027079080000
1312782765,7.834910000000,0.500000000000
1312782765,7.827900000000,0.472920920000
1312782836,7.840300000000,5.200000000000
1312782870,7.845110000000,0.124100000000
1312783010,7.845210000000,0.116300000000
1312783013,7.850000000000,1.000000000000
1312783023,7.850000000000,0.100000000000
1312783045,7.850010000000,0.630000000000
1312783058,7.850010000000,18.760000000000
1312783064,7.869510000000,1.000000000000
1312783069,7.869510000000,4.200000000000
1312783118,7.869520000000,0.069790000000
1312783132,7.869620000000,0.100000000000
1312783166,7.869620000000,14.900000000000
1312783166,7.869520000000,1.270000000000
1312783220,7.888000000000,0.146300000000
1312783220,7.890000000000,0.182500000000
1312783220,7.892600000000,5.000000000000
1312783220,7.900000000000,0.127350000000
1312783221,7.900000000000,0.485630000000
1312783221,7.900000000000,16.538220000000
1312783344,7.869920000000,15.000000000000
1312783345,7.869520000000,3.558424140000
1312783345,7.850010000000,45.510000000000
1312783345,7.845110000000,8.875900000000
1312783345,7.806370000000,1.324000000000
1312783345,7.799000000000,0.794750610000
1312783345,7.772940000000,2.050000000000
1312783345,7.750010000000,10.030000000000
1312783345,7.750000000000,10.353555250000
1312783372,7.880180000000,0.132100000000
1312783372,7.892100000000,10.867900000000
1312783424,7.870120000000,1.330000000000
1312783475,7.883740000000,0.536100000000
1312783492,7.883740000000,0.139300000000
1312783530,7.883840000000,0.530500000000
1312783533,7.883840000000,0.246000000000
1312783619,7.884040000000,0.233750000000
1312783647,7.889000000000,0.124800000000
1312783648,7.892100000000,1.875200000000
1312783690,7.884140000000,15.000000000000
1312783690,7.883740000000,0.254500000000
1312783702,7.892100000000,1.040000000000
1312783727,7.884240000000,15.000000000000
1312783736,7.892100000000,14.186000000000
1312783779,7.883840000000,15.000000000000
1312783815,7.883840000000,15.000000000000
1312783842,7.883740000000,0.070100000000
1312783850,7.883740000000,0.037800000000
1312783863,7.890000000000,0.500000000000
1312783919,7.883940000000,0.119400000000
1312783942,7.883940000000,14.580000000000
1312783955,7.884040000000,0.001211650000
1312783980,7.890000000000,0.500000000000
1312783993,7.892100000000,0.500000000000
1312784008,7.884040000000,0.142600000000
1312784057,7.892100000000,5.307343470000
1312784085,7.900000000000,1.000000000000
1312784085,7.900000000000,13.461780000000
1312784137,7.900010000000,0.248250000000
1312784155,7.916030000000,0.105900000000
1312784155,7.920000000000,0.375000000000
1312784155,7.920000000000,0.019100000000
1312784231,7.900210000000,0.262750000000
1312784245,7.910000000000,0.102100000000
1312784245,7.912080000000,32.634354500000
1312784245,7.920000000000,1.980900000000
1312784245,7.926000000000,1.266099000000
1312784245,7.930000000000,0.782239560000
1312784245,7.930000000000,3.234306940000
1312784288,7.912080000000,20.000000000000
1312784314,7.900110000000,15.000000000000
1312784314,7.900010000000,5.289970000000
1312784314,7.892110000000,26.780000000000
1312784314,7.801000000000,20.000000000000
1312784314,7.765480000000,0.150000000000
1312784314,7.760000000000,1.000000000000
1312784314,7.755500000000,8.200000000000
1312784314,7.752070000000,0.300000000000
1312784314,7.750000000000,108.900513130000
1312784315,7.740000000000,15.000000000000
1312784315,7.715000000000,87.000000000000
1312784315,7.714140000000,7.770000000000
1312784315,7.714000000000,0.500000000000
1312784315,7.714000000000,5.793592170000
1312784315,7.712540000000,0.013200000000
1312784315,7.712520000000,0.080000000000
1312784316,7.712320000000,0.080000000000
1312784316,7.712000000000,0.757600000000
1312784316,7.710000000000,0.289950710000
1312784316,7.709010000000,8.385497380000
1312784316,7.700000000000,2.850000000000
1312784316,7.696090000000,0.080000000000
1312784317,7.679600000000,0.010000000000
1312784317,7.674630000000,6.340000000000
1312784317,7.670000000000,5.000000000000
1312784317,7.660510000000,9.700000000000
1312784317,7.630510000000,9.700000000000
1312784317,7.619400000000,0.010000000000
1312784317,7.606070000000,0.120000000000
1312784317,7.606010000000,1.100000000000
1312784317,7.601000000000,20.000000000000
1312784318,7.600190000000,4.687115710000
1312784318,7.600100000000,5.000000000000
1312784318,7.598900000000,0.100000000000
1312784318,7.587850000000,2.000000000000
1312784318,7.585000000000,6.142000000000
1312784318,7.581000000000,25.025000000000
1312784318,7.580000000000,70.000000000000
1312784318,7.560510000000,9.700000000000
1312784318,7.559200000000,0.010000000000
1312784319,7.550000000000,1.042000000000
1312784319,7.530000000000,10.093560900000
1312784331,7.530000000000,0.098788350000
1312784456,7.832130000000,0.128200000000
1312784469,7.806090000000,0.510000000000
1312784526,7.839510000000,0.080000000000
1312784526,7.839510000000,7.100000000000
1312784536,7.839520000000,0.148500000000
1312784581,7.839520000000,12.671500000000
1312784581,7.806290000000,7.328500000000
1312784605,7.820000000000,2.900000000000
1312784619,7.843210000000,0.132200000000
1312784620,7.869510000000,0.067800000000
1312784759,7.820200000000,10.000000000000
1312784768,7.820200000000,5.000000000000
1312784802,7.820200000000,0.355378620000
1312784809,7.820200000000,0.355378620000
1312784828,7.805890000000,0.080000000000
1312784829,7.746000000000,0.080000000000
1312784829,7.664890000000,0.150000000000
1312784829,7.660510000000,7.600000000000
1312784829,7.630510000000,7.600000000000
1312784829,7.620070000000,3.690000000000
1312784829,7.620000000000,100.000000000000
1312784829,7.560510000000,7.600000000000
1312784829,7.560000000000,10.000000000000
1312784829,7.550000000000,3.777109580000
1312784957,7.816700000000,0.064277870000
1312785080,7.767330000000,0.108092000000
1312785107,7.767330000000,0.364667300000
1312785108,7.723760000000,6.802572840000
1312785112,7.811000000000,0.148500000000
1312785112,7.816300000000,2.630000000000
1312785112,7.816400000000,1.034194060000
1312785117,7.816400000000,1.605805940000
1312785117,7.816500000000,0.148844610000
1312785119,7.816700000000,0.160000000000
1312785119,7.820200000000,0.647477900000
1312785121,7.816500000000,0.371422650000
1312785138,7.820200000000,0.170923340000
1312785151,7.820200000000,0.078613250000
1312785155,7.820200000000,0.036156760000
1312785166,7.774000000000,0.016629830000
1312785174,7.816500000000,0.007701650000
1312785178,7.816500000000,0.003544190000
1312785179,7.816500000000,0.001631210000
1312785181,7.816500000000,0.000750690000
1312785187,7.774000000000,0.000345300000
1312785189,7.774000000000,0.000160220000
1312785214,7.774000000000,0.126864650000
1312785335,7.760800000000,0.107400000000
1312785336,7.800000000000,0.200000000000
1312785390,7.800110000000,7.041513510000
1312785507,7.800410000000,0.110000000000
1312785522,7.800410000000,4.386500000000
1312785600,7.800510000000,0.124700000000
1312785812,7.800820000000,0.110500000000
1312785852,7.810000000000,6.397000000000
1312785890,7.801020000000,0.145200000000
1312785946,7.801120000000,0.127500000000
1312785961,7.800820000000,0.889500000000
1312785961,7.800010000000,0.149374000000
1312785963,7.810000000000,8.558000000000
1312785987,7.817410000000,0.005043870000
1312786082,7.810110000000,0.150000000000
1312786083,7.810110000000,0.150000000000
1312786116,7.810210000000,0.140300000000
1312786167,7.817410000000,0.074956130000
1312786167,7.839490000000,0.290000000000
1312786167,7.839510000000,6.746043870000
1312786567,7.810310000000,0.101100000000
1312786585,7.810410000000,10.000000000000
1312786635,7.839510000000,1.853956130000
1312786725,7.851690000000,0.127600000000
1312786725,7.851910000000,7.312400000000
1312786744,7.839720000000,0.105100000000
1312786747,7.839720000000,5.000000000000
1312786792,7.851700000000,0.131900000000
1312786796,7.851910000000,5.207600000000
1312786880,7.859970000000,0.490000000000
1312786880,7.860000000000,87.028080860000
1312786881,7.860000000000,0.147300000000
1312787054,7.863300000000,0.119200000000
1312787068,7.869510000000,8.600000000000
1312787117,7.869690000000,0.145700000000
1312787122,7.869690000000,7.089667000000
1312787135,7.869690000000,0.102800000000
1312787141,7.869690000000,5.000000000000
1312787282,7.869990000000,0.122700000000
1312787282,7.869990000000,14.877300000000
1312787285,7.869780000000,6.019000000000
1312787317,7.869780000000,10.000000000000
1312787318,7.869520000000,0.130700000000
1312787330,7.869520000000,0.069300000000
1312787411,7.869480000000,0.100000000000
1312787416,7.869480000000,0.004800000000
1312787454,7.869780000000,19.923700000000
1312787454,7.870000000000,8.076611650000
1312787454,7.890000000000,1.000000000000
1312787454,7.890000000000,5.350533580000
1312787510,7.890000000000,12.000000000000
1312787544,7.869780000000,9.390000000000
1312787592,7.869880000000,15.000000000000
1312787592,7.851920000000,1.000000000000
1312787705,7.879000000000,0.119900000000
1312787756,7.890000000000,2.781238620000
1312787756,7.900000000000,3.720000000000
1312787757,7.900000000000,40.000000000000
1312787757,7.900130000000,0.080000000000
1312787757,7.917000000000,0.150000000000
1312787757,7.918040000000,0.150000000000
1312787757,7.919900000000,1.000000000000
1312787757,7.927260000000,0.150000000000
1312787757,7.930000000000,11.765693060000
1312787757,7.930000000000,4.985000000000
1312787758,7.930000000000,0.217760440000
1312787758,7.930000000000,13.958000000000
1312787758,7.930200000000,21.042307880000
1312787804,7.900010000000,0.129500000000
1312787822,7.900010000000,44.870500000000
1312787822,7.879110000000,0.080000000000
1312787822,7.869990000000,13.049500000000
1312787866,7.910000000000,0.138320820000
1312787878,7.910010000000,2.261679180000
1312787903,7.870090000000,3.000000000000
1312787904,7.870090000000,0.600000000000
1312787904,7.870090000000,2.400000000000
1312787915,7.930200000000,15.277692120000
1312787915,7.930200000000,3.600000000000
1312787916,7.930210000000,3.000000000000
1312787922,7.930210000000,0.112600000000
1312787974,7.930310000000,3.000000000000
1312787989,7.930310000000,6.900000000000
1312787989,7.930310000000,5.100000000000
1312787989,7.930210000000,1.800000000000
1312787995,7.939510000000,1.300000000000
1312788023,7.930310000000,0.119600000000
1312788031,7.939510000000,2.000000000000
1312788068,7.939510000000,1.000000000000
1312788072,7.939510000000,2.600000000000
1312788078,7.940000000000,1.270000000000
1312788079,7.940200000000,1.285000000000
1312788079,7.940200000000,0.001989770000
1312788086,7.950000000000,0.471341020000
1312788106,7.950100000000,0.250000000000
1312788147,7.974230000000,0.015841780000
1312788189,7.953000000000,0.109900000000
1312788189,7.974230000000,0.064158220000
1312788195,7.974240000000,0.082168420000
1312788218,7.974240000000,23.743773360000
1312788229,7.966270000000,11.095929960000
1312788229,7.974240000000,0.117100000000
1312788229,7.979910000000,0.410000000000
1312788229,7.979920000000,0.420000000000
1312788236,7.979920000000,0.095737130000
1312788241,7.974240000000,0.117600000000
1312788241,7.974240000000,1.000000000000
1312788241,7.979930000000,0.630000000000
1312788241,7.980000000000,13.252400000000
1312788262,7.974240000000,1.000000000000
1312788268,7.979940000000,0.977655220000
1312788287,7.971940000000,36.771516130000
1312788287,7.974230000000,0.822344780000
1312788287,7.980000000000,60.000000000000
1312788287,7.980000000000,46.567600000000
1312788287,7.986980000000,5.000000000000
1312788288,7.987950000000,0.450000000000
1312788288,7.987990000000,0.490000000000
1312788288,7.988000000000,5.000000000000
1312788288,7.989000000000,7.898539090000
1312788303,7.950100000000,15.000000000000
1312788303,7.950000000000,4.940000000000
1312788315,7.950000000000,18.000000000000
1312788350,7.940100000000,15.000000000000
1312788350,7.940000000000,0.100000000000
1312788350,7.940000000000,2.120000000000
1312788391,7.939620000000,5.000000000000
1312788416,7.939620000000,0.105700000000
1312788441,7.939720000000,7.040000000000
1312788466,7.939720000000,7.960000000000
1312788485,7.939610000000,14.040000000000
1312788535,7.939720000000,0.055820340000
1312788551,7.939990000000,0.027131230000
1312788729,7.940100000000,15.000000000000
1312788730,7.940000000000,0.122868770000
1312788730,7.939520000000,7.400000000000
1312788730,7.930210000000,10.000000000000
1312788742,7.930000000000,15.000000000000
1312788798,7.907880000000,0.900000000000
1312788811,7.907880000000,0.062754980000
1312788827,7.907880000000,14.037245020000
1312788835,7.907880000000,13.417984980000
1312788846,7.930000000000,13.000000000000
1312788850,7.907980000000,1.582015020000
1312788850,7.907780000000,5.000000000000
1312788850,7.900000000000,3.000000000000
1312788871,7.880000000000,0.160000000000
1312788881,7.880000000000,0.160000000000
1312788887,7.870090000000,1.937931940000
1312788889,7.870090000000,13.062068060000
1312788889,7.869990000000,20.000000000000
1312788889,7.851920000000,3.292400000000
1312788889,7.839520000000,28.146043870000
1312788890,7.839520000000,0.000299760000
1312788890,7.838130000000,5.000000000000
1312788890,7.810010000000,25.000000000000
1312788890,7.810010000000,33.499188310000
1312788896,7.880000000000,0.200000000000
1312788915,7.879980000000,3.081000000000
1312788916,7.880000000000,6.919000000000
1312788930,7.879990000000,0.150000000000
1312788940,7.879990000000,2.850000000000
1312788940,7.810110000000,2.483722100000
1312788951,7.880000000000,3.111433790000
1312788953,7.879980000000,0.008212050000
1312788953,7.879980000000,2.176114660000
1312788955,7.879980000000,7.815673290000
1312788955,7.880000000000,19.454036710000
1312788979,7.879990000000,0.100000000000
1312789004,7.840630000000,10.000000000000
1312789004,7.810210000000,9.940000000000
1312789012,7.810210000000,5.060000000000
1312789023,7.810100000000,0.219000000000
1312789024,7.840630000000,14.781000000000
1312789057,7.810010000000,3.212000000000
1312789131,7.823100000000,0.102300000000
1312789404,7.819800000000,0.113000000000
1312789617,7.820790000000,0.100000000000
1312789637,7.820380000000,5.000000000000
1312789643,7.820380000000,0.100200000000
1312789711,7.820480000000,10.417984980000
1312789719,7.839510000000,4.800000000000
1312789719,7.839510000000,0.133100000000
1312789881,7.839930000000,15.000000000000
1312789881,7.839830000000,0.500000000000
1312789956,7.839830000000,0.117900000000
1312789975,7.849020000000,1.000000000000
1312790015,7.849040000000,0.480400000000
1312790015,7.849020000000,3.819600000000
1312790018,7.862480000000,5.280000000000
1312790018,7.869510000000,4.720000000000
1312790061,7.849140000000,0.104900000000
1312790150,7.861610000000,0.115100000000
1312790156,7.861620000000,8.000000000000
1312790157,7.869510000000,0.580000000000
1312790163,7.869510000000,9.076016160000
1312790164,7.861640000000,0.445800000000
1312790164,7.861620000000,8.115453840000
1312790223,7.879990000000,2.870000000000
1312790226,7.879990000000,2.000000000000
1312790230,7.879990000000,9.627040000000
1312790239,7.861820000000,4.000000000000
1312790282,7.887000000000,0.120000000000
1312790283,7.900000000000,20.417984980000
1312790283,7.900870000000,3.960000000000
1312790283,7.939510000000,6.300000000000
1312790283,7.940450000000,0.150000000000
1312790283,7.945000000000,20.000000000000
1312790283,7.946700000000,0.100000000000
1312790283,7.950000000000,6.952015020000
1312790558,7.862400000000,0.111700000000
1312790910,7.863200000000,0.105100000000
1312790974,7.949910000000,2.910000000000
1312790980,7.949910000000,9.632257470000
1312790981,7.863420000000,4.821292530000
1312791034,7.912600000000,0.142900000000
1312791034,7.912600000000,0.080000000000
1312791041,7.912600000000,12.504630000000
1312791044,7.912600000000,0.122200000000
1312791070,7.912600000000,0.581000000000
1312791149,7.912800000000,2.970000000000
1312791377,7.913300000000,2.000000000000
1312791379,7.913300000000,0.138300000000
1312791397,7.913300000000,4.290000000000
1312791398,7.913300000000,5.630000000000
1312791414,7.948000000000,0.100000000000
1312791438,7.948000000000,0.141500000000
1312791466,7.948100000000,1.000000000000
1312791479,7.948100000000,14.000000000000
1312791479,7.948000000000,13.160520000000
1312791479,7.865000000000,0.100000000000
1312791479,7.862260000000,0.080000000000
1312791480,7.862160000000,0.160000000000
1312791480,7.862040000000,0.080000000000
1312791480,7.861620000000,1.769446160000
1312791480,7.850000000000,0.400000000000
1312791480,7.848920000000,50.382100000000
1312791480,7.840000000000,10.000000000000
1312791480,7.839520000000,25.400000000000
1312791481,7.818220000000,0.080000000000
1312791481,7.810110000000,2.870000000000
1312791481,7.810010000000,3.288811690000
1312791481,7.808380000000,5.000000000000
1312791481,7.800100000000,0.007598620000
1312791481,7.800070000000,0.190000000000
1312791482,7.800010000000,9.650626000000
1312791482,7.800010000000,0.745628530000
1312791482,7.800000000000,1.000000000000
1312791482,7.794740000000,14.750000000000
1312791482,7.793910000000,0.150000000000
1312791482,7.750000000000,1.000000000000
1312791482,7.724160000000,0.080000000000
1312791482,7.723460000000,0.160000000000
1312791483,7.710130000000,10.000000000000
1312791483,7.700050000000,3.990000000000
1312791483,7.700000000000,1.000000000000
1312791483,7.700000000000,0.505269000000
1312791496,7.700000000000,1.512323370000
1312791496,7.700000000000,30.000000000000
1312791496,7.700000000000,70.000000000000
1312791500,7.700000000000,6.896000000000
1312791500,7.700000000000,5.730000000000
1312791504,7.700000000000,0.400700000000
1312791504,7.700000000000,0.250000000000
1312791508,7.700000000000,15.000000000000
1312791512,7.700000000000,35.479445260000
1312791518,7.700000000000,1.004000000000
1312791518,7.700000000000,20.000000000000
1312791533,7.700000000000,0.080000000000
1312791533,7.700000000000,0.020000000000
1312791539,7.699860000000,10.000000000000
1312791542,7.699860000000,0.072859210000
1312791546,7.699860000000,10.000000000000
1312791553,7.699860000000,0.575223280000
1312791571,7.688160000000,0.109600000000
1312791571,7.699860000000,6.104173230000
1312791571,7.700000000000,24.707531370000
1312791752,7.748000000000,0.100000000000
1312791805,7.730510000000,0.086474000000
1312791828,7.731900000000,0.100000000000
1312791834,7.730520000000,0.132800000000
1312791923,7.730730000000,0.375400000000
1312791923,7.730710000000,15.000000000000
1312791923,7.730520000000,14.624600000000
1312791941,7.755010000000,0.126700000000
1312791941,7.756000000000,1.000000000000
1312792362,7.772000000000,0.119700000000
1312792363,7.872560000000,0.180300000000
1312792525,7.827650000000,0.103400000000
1312792525,7.849880000000,0.080000000000
1312792558,7.849890000000,0.132200000000
1312792639,7.850090000000,0.139700000000
1312792660,7.850090000000,0.131000000000
1312792664,7.850090000000,6.100000000000
1312792667,7.850100000000,0.080000000000
1312792701,7.850190000000,1.990000000000
1312792703,7.850190000000,0.600000000000
1312792728,7.850290000000,15.000000000000
1312792848,7.849990000000,0.123400000000
1312792906,7.850090000000,0.133800000000
1312792927,7.850180000000,15.000000000000
1312792974,7.850160000000,3.035000000000
1312792974,7.850180000000,2.165000000000
1312793013,7.849890000000,1.000000000000
1312793021,7.800000000000,1.000000000000
1312793053,7.849990000000,0.115100000000
1312793116,7.850180000000,15.000000000000
1312793178,7.816300000000,0.129400000000
1312793210,7.816300000000,0.465322070000
1312793272,7.816500000000,0.135400000000
1312793293,7.816520000000,0.562800000000
1312793293,7.816500000000,14.864600000000
1312793300,7.816500000000,2.572600000000
1312793300,7.847220000000,0.144200000000
1312793300,7.848290000000,0.300000000000
1312793300,7.850080000000,0.280000000000
1312793301,7.850090000000,0.210000000000
1312793301,7.850180000000,11.542207380000
1312793303,7.850180000000,2.831168200000
1312793307,7.816620000000,15.000000000000
1312793322,7.816500000000,3.000000000000
1312793322,7.850180000000,0.080000000000
1312793322,7.850180000000,8.251624420000
1312793322,7.860050000000,3.300688760000
1312793340,7.860050000000,1.684311240000
1312793341,7.899930000000,0.430000000000
1312793341,7.899950000000,0.750000000000
1312793341,7.899970000000,0.270000000000
1312793341,7.900000000000,0.099389870000
1312793447,7.816400000000,15.000000000000
1312793456,7.816390000000,3.300000000000
1312793460,7.816500000000,0.592937900000
1312793487,7.816500000000,11.107062100000
1312793487,7.816300000000,0.160000000000
1312793487,7.816300000000,0.176522000000
1312793509,7.770220000000,0.522800000000
1312793509,7.770200000000,5.000000000000
1312793509,7.760170000000,2.243200000000
1312793558,7.864830000000,0.134700000000
1312793558,7.900000000000,0.452853090000
1312793721,7.829000000000,0.133500000000
1312793742,7.829020000000,0.119600000000
1312793951,7.829300000000,0.761782860000
1312794086,7.829500000000,0.140900000000
1312794179,7.829700000000,0.158191080000
1312794180,7.850000000000,0.156312460000
1312794185,7.850000000000,0.000989870000
1312794207,7.829790000000,0.156830420000
1312794319,7.830000000000,15.000000000000
1312794703,7.810200000000,2.000000000000
1312794747,7.822000000000,0.111400000000
1312794756,7.822010000000,0.112000000000
1312794793,7.830000000000,38.254477650000
1312794811,7.822130000000,0.100200000000
1312794811,7.830000000000,0.476000000000
1312794944,7.823160000000,0.119900000000
1312794944,7.830000000000,1.627522350000
1312794971,7.835100000000,1.400911700000
1312794976,7.835100000000,0.142300000000
1312794982,7.835100000000,13.456788300000
1312794982,7.835000000000,2.852577650000
1312794982,7.810000000000,0.500000000000
1312795037,7.805870000000,15.000000000000
1312795037,7.805770000000,0.080000000000
1312795075,7.805760000000,0.640000000000
1312795186,7.787300000000,0.445800000000
1312795186,7.787280000000,15.000000000000
1312795193,7.787170000000,0.414700000000
1312795232,7.787040000000,0.144600000000
1312795250,7.787170000000,0.767832220000
1312795278,7.787140000000,0.320000000000
1312795280,7.787140000000,14.680000000000
1312795280,7.786940000000,10.030000000000
1312795308,7.780000000000,0.385700000000
1312795332,7.780000000000,9.184300000000
1312795346,7.780010000000,0.133900000000
1312795415,7.800000000000,0.357900000000
1312795439,7.800000000000,3.844255600000
1312795554,7.814500000000,0.113300000000
1312795554,7.834990000000,2.000000000000
1312795554,7.841580000000,2.230000000000
1312795554,7.850000000000,9.842697670000
1312795554,7.853900000000,0.010000000000
1312795554,7.873070000000,9.999910000000
1312795554,7.900000000000,5.162904000000
1312795554,7.900000000000,0.080000000000
1312795554,7.900000000000,2.778000000000
1312795554,7.910000000000,28.367394430000
1312795702,7.813000000000,0.142100000000
1312795704,7.871940000000,0.052000000000
1312795740,7.871950000000,0.200000000000
1312795740,7.824740000000,3.000000000000
1312795741,7.820100000000,15.000000000000
1312795741,7.820000000000,6.695456520000
1312795741,7.820000000000,0.080000000000
1312795741,7.813010000000,0.250000000000
1312795778,7.810400000000,0.101400000000
1312795784,7.812000000000,0.080000000000
1312795784,7.812000000000,0.070000000000
1312795812,7.812000000000,5.015000000000
1312795813,7.812000000000,0.100000000000
1312795818,7.810400000000,0.116100000000
1312795858,7.871960000000,1.670000000000
1312795866,7.899670000000,2.380952860000
1312795950,7.812000000000,0.100000000000
1312796012,7.810510000000,0.250000000000
1312796016,7.810510000000,0.100000000000
1312796031,7.810400000000,0.105400000000
1312796040,7.810510000000,0.158732270000
1312796040,7.810500000000,5.821267730000
1312796188,7.825120000000,0.146800000000
1312796188,7.849980000000,3.048000000000
1312796188,7.850000000000,5.435200000000
1312796190,7.810800000000,5.916268990000
1312796207,7.832270000000,0.127500000000
1312796207,7.850000000000,0.422200000000
1312796243,7.850000000000,0.100000000000
1312796286,7.850000000000,8.670000000000
1312796307,7.811060000000,0.510300000000
1312796307,7.811040000000,15.000000000000
1312796307,7.811000000000,10.000000000000
1312796313,7.810930000000,0.474800000000
1312796320,7.810930000000,15.000000000000
1312796337,7.810300000000,0.080000000000
1312796340,7.810300000000,0.050041610000
1312796347,7.810300000000,0.001658390000
1312796347,7.810930000000,0.338341610000
1312796351,7.810930000000,0.100000000000
1312796361,7.810290000000,9.000000000000
1312796362,7.810930000000,11.000000000000
1312796366,7.810930000000,1.900000000000
1312796398,7.810930000000,0.190000000000
1312796426,7.810930000000,0.441600000000
1312796432,7.810930000000,0.700000000000
1312796434,7.810300000000,15.000000000000
1312796434,7.810100000000,0.080000000000
1312796434,7.810000000000,12.147770800000
1312796436,7.810000000000,0.410800000000
1312796447,7.810000000000,0.382200000000
1312796497,7.799960000000,0.148000000000
1312796567,7.810930000000,8.184958390000
1312796657,7.820240000000,0.135400000000
1312796712,7.820360000000,0.334800000000
1312796722,7.820360000000,0.430728720000
1312796730,7.844960000000,0.106300000000
1312796730,7.850000000000,0.032728660000
1312797043,7.820520000000,0.148000000000
1312797187,7.837350000000,0.101900000000
1312797187,7.850000000000,4.298100000000
1312797251,7.821020000000,1.129891750000
1312797517,7.821620000000,0.111800000000
1312797661,7.830000000000,2.000000000000
1312797664,7.821720000000,0.107000000000
1312797726,7.821920000000,0.143100000000
1312797795,7.822020000000,0.108300000000
1312797988,7.822420000000,0.106600000000
1312797997,7.822420000000,8.490000000000
1312798033,7.822520000000,2.000000000000
1312798127,7.823700000000,0.148600000000
1312798127,7.830000000000,8.000000000000
1312798266,7.830100000000,10.000000000000
1312798283,7.844000000000,0.149400000000
1312798378,7.847230000000,1.250000000000
1312798378,7.850000000000,1.041771340000
1312798388,7.850010000000,0.109400000000
1312798503,7.850210000000,0.134800000000
1312798539,7.850210000000,0.147700000000
1312798615,7.890000000000,0.100000000000
1312798616,7.892710000000,0.190000000000
1312798616,7.899640000000,0.240000000000
1312798616,7.899650000000,0.190000000000
1312798616,7.899650000000,3.071000000000
1312798616,7.899670000000,7.589047140000
1312798616,7.900000000000,8.619952860000
1312798652,7.900000000000,20.000000000000
1312798690,7.874570000000,0.148200000000
1312798690,7.900000000000,0.380047140000
1312798690,7.900000000000,5.000000000000
1312798690,7.900000000000,0.150000000000
1312798700,7.900010000000,4.321752860000
1312798709,7.899700000000,5.648247140000
1312798712,7.904390000000,0.080000000000
1312798712,7.904590000000,0.080000000000
1312798713,7.905000000000,1.840000000000
1312798717,7.905000000000,8.160000000000
1312798717,7.910000000000,11.840000000000
1312798779,7.900110000000,0.114500000000
1312798784,7.910000000000,0.200000000000
1312798784,7.910000000000,0.243671300000
1312798822,7.900210000000,5.000000000000
1312798881,7.900310000000,0.138611570000
1312798893,7.904570000000,0.116300000000
1312798893,7.910000000000,1.883700000000
1312798964,7.900510000000,0.134900000000
1312798989,7.900510000000,0.136700000000
1312799064,7.904680000000,0.170000000000
1312799069,7.904680000000,14.830000000000
1312799090,7.904580000000,0.147700000000
1312799103,7.904670000000,15.000000000000
1312799108,7.904670000000,8.801402910000
1312799108,7.910000000000,11.056583040000
1312799147,7.904580000000,0.126300000000
1312799241,7.910000000000,0.100000000000
1312799263,7.904880000000,0.103600000000
1312799267,7.904880000000,0.123000000000
1312799343,7.905080000000,0.100500000000
1312799378,7.905080000000,10.000000000000
1312799421,7.905180000000,0.121100000000
1312799527,7.905380000000,1.393886170000
1312799536,7.905480000000,0.250000000000
1312799537,7.905480000000,0.113600000000
1312799547,7.905480000000,0.250000000000
1312799551,7.905480000000,0.250000000000
1312799560,7.905480000000,0.250000000000
1312799564,7.905480000000,0.250000000000
1312799584,7.905580000000,0.150000000000
1312799591,7.905580000000,0.150000000000
1312799623,7.910000000000,20.000000000000
1312799634,7.905680000000,0.126100000000
1312799635,7.910000000000,8.362651230000
1312799670,7.910660000000,0.160000000000
1312799670,7.911110000000,0.415800000000
1312799670,7.914410000000,0.080000000000
1312799671,7.919950000000,0.450000000000
1312799671,7.919990000000,4.000000000000
1312799671,7.920000000000,0.300000000000
1312799671,7.923000000000,14.594200000000
1312799703,7.910110000000,2.513194010000
1312799720,7.923000000000,3.000000000000
1312799800,7.910310000000,5.000000000000
1312799806,7.910310000000,5.000000000000
1312799809,7.916160000000,0.114600000000
1312799830,7.916160000000,2.000000000000
1312799888,7.916260000000,0.102800000000
1312799910,7.916260000000,10.000000000000
1312799952,7.916360000000,1.000000000000
1312799953,7.916360000000,1.000000000000
1312799955,7.923000000000,7.729600000000
1312799956,7.923010000000,3.000000000000
1312799956,7.930000000000,0.500000000000
1312799956,7.940000000000,0.750000000000
1312799956,7.948000000000,18.750000000000
1312799977,7.923010000000,6.270400000000
1312799977,7.916460000000,3.729600000000
1312799979,7.923010000000,1.000000000000
1312799979,7.948000000000,1.250000000000
1312799979,7.949000000000,1.000000000000
1312799979,7.949800000000,2.150000000000
1312799979,7.949890000000,1.000000000000
1312799980,7.949900000000,13.600000000000
1312800008,7.916460000000,5.000000000000
1312800036,7.916560000000,0.100000000000
1312800053,7.916560000000,0.149400000000
1312800103,7.916660000000,0.127500000000
1312800113,7.916760000000,0.538315000000
1312800142,7.916760000000,10.000000000000
1312800166,7.923000000000,10.000000000000
1312800166,7.930000000000,10.000000000000
1312800172,7.916860000000,15.000000000000
1312800172,7.910010000000,1.637348770000
1312800173,7.901670000000,0.998853400000
1312800173,7.860000000000,2.363797830000
1312800217,7.860100000000,7.865577370000
1312800243,7.916750000000,0.100000000000
1312800422,7.860600000000,3.000000000000
1312800430,7.868200000000,0.125300000000
1312800430,7.916760000000,0.080000000000
1312800430,7.930000000000,14.680000000000
1312800430,7.930000000000,3.626452240000
1312800430,7.940000000000,1.488247760000
1312800473,7.940000000000,1.203827710000
1312800559,7.873000000000,0.117900000000
1312800599,7.905570000000,20.000000000000
1312800682,7.899400000000,0.113300000000
1312800682,7.905570000000,4.000000000000
1312800682,7.910200000000,1.000000000000
1312800682,7.916450000000,0.100000000000
1312800683,7.940000000000,14.786700000000
1312800948,7.900000000000,0.124000000000
1312800948,7.940000000000,19.876000000000
1312800970,7.940000000000,20.000000000000
1312801056,7.936590000000,0.144700000000
1312801101,7.936600000000,1.200216230000
1312801104,7.936600000000,0.143400000000
1312801127,7.936700000000,1.000000000000
1312801134,7.940000000000,4.000000000000
1312801170,7.936800000000,0.130800000000
1312801179,7.936800000000,14.000000000000
1312801190,7.940000000000,29.780000000000
1312801190,7.940000000000,50.820000000000
1312801294,7.936700000000,5.000000000000
1312801307,7.936690000000,5.000000000000
1312801321,7.936800000000,0.116300000000
1312801352,7.936800000000,9.883700000000
1312801354,7.940000000000,7.066282970000
1312801354,7.936790000000,15.000000000000
1312801360,7.936790000000,9.777282270000
1312801392,7.936600000000,4.511683770000
1312801401,7.936590000000,15.000000000000
1312801459,7.874080000000,0.524800000000
1312801460,7.874060000000,6.873726230000
1312801505,7.874080000000,0.488200000000
1312801511,7.874050000000,9.511800000000
1312801609,7.874380000000,5.240000000000
1312801627,7.877600000000,0.108700000000
1312801627,7.936790000000,19.891300000000
1312801656,7.907610000000,0.139400000000
1312801659,7.936790000000,6.447717730000
1312801659,7.940000000000,8.758941560000
1312801659,7.949900000000,4.793340710000
1312801922,7.926000000000,0.139800000000
1312802029,7.933000000000,0.636000000000
1312802053,7.933100000000,0.145500000000
1312802137,7.938000000000,0.112700000000
1312802138,7.949700000000,0.887300000000
1312802161,7.949700000000,0.112700000000
1312802161,7.949800000000,0.887300000000
1312802176,7.933300000000,15.000000000000
1312802187,7.933290000000,5.000000000000
1312802202,7.949710000000,4.985000000000
1312802202,7.949710000000,0.118400000000
1312802207,7.939990000000,5.088089800000
1312802221,7.939990000000,5.072825530000
1312802253,7.939990000000,5.057607050000
1312802262,7.949800000000,15.000000000000
1312802262,7.939990000000,1.796346390000
1312802284,7.949710000000,0.140000000000
1312802301,7.949800000000,15.000000000000
1312802330,7.949710000000,1.000000000000
1312802331,7.949710000000,0.148900000000
1312802348,7.949800000000,15.000000000000
1312802363,7.949710000000,1.000000000000
1312802374,7.949710000000,9.672831230000
1312802395,7.949700000000,1.327168770000
1312802395,7.949710000000,0.125300000000
1312802395,7.949800000000,4.112700000000
1312802440,7.949810000000,9.434831230000
1312802440,7.949810000000,21.944799930000
1312802442,7.949100000000,15.000000000000
1312802487,7.949100000000,8.620368840000
1312802487,7.949800000000,1.000000000000
1312802487,7.949900000000,24.070877170000
1312802487,7.949930000000,0.230000000000
1312802488,7.950000000000,36.245361710000
1312802488,7.950000000000,8.981710520000
1312802524,7.943020000000,0.127000000000
1312802524,7.950000000000,2.606000000000
1312802539,7.950000000000,1.622539480000
1312802539,7.950000000000,1.000000000000
1312802539,7.950000000000,2.000000000000
1312802539,7.953000000000,3.000000000000
1312802539,7.955090000000,0.080000000000
1312802539,7.955190000000,0.080000000000
1312802540,7.955400000000,0.080000000000
1312802540,7.955600000000,0.080000000000
1312802540,7.956950000000,0.080000000000
1312802540,7.957080000000,0.160000000000
1312802540,7.957180000000,0.080000000000
1312802541,7.960000000000,2.000000000000
1312802541,7.961000000000,9.737460520000
1312802581,7.933200000000,0.045862000000
1312802642,7.933100000000,0.114500000000
1312802716,7.950000000000,0.048520750000
1312802753,7.933400000000,0.133400000000
1312802908,7.933600000000,15.000000000000
1312802909,7.933300000000,5.000000000000
1312802958,7.939470000000,0.101200000000
1312802959,7.950000000000,2.434009250000
1312802959,7.961000000000,6.262539480000
1312802959,7.961810000000,11.202251270000
1312803073,7.938830000000,0.118400000000
1312803073,7.961810000000,19.881600000000
1312803146,7.933400000000,5.000000000000
1312803173,7.933400000000,10.000000000000
1312803183,7.933390000000,11.820000000000
1312803206,7.933500000000,3.180000000000
1312803207,7.933300000000,0.970000000000
1312803251,7.933600000000,1.500000000000
1312803257,7.933600000000,2.417751490000
1312803278,7.933600000000,0.133300000000
1312803377,7.954470000000,0.107300000000
1312803377,7.960000000000,0.500000000000
1312803405,7.961810000000,50.000000000000
1312803545,7.934200000000,0.128300000000
1312803602,7.950000000000,22.000000000000
1312803609,7.950000000000,1.000000000000
1312803614,7.950000000000,8.000000000000
1312803614,7.950000000000,7.000000000000
1312803614,7.961810000000,5.000000000000
1312803623,7.935110000000,0.100000000000
1312803697,7.940000000000,0.103100000000
1312803707,7.961810000000,0.876148730000
1312803707,7.967000000000,0.100000000000
1312803707,7.968410000000,0.080000000000
1312803707,7.968510000000,0.080000000000
1312803707,7.968610000000,0.080000000000
1312803708,7.968820000000,0.160000000000
1312803708,7.969020000000,0.080000000000
1312803708,7.969460000000,0.080000000000
1312803708,7.970000000000,0.750000000000
1312803708,7.972610000000,1.030579450000
1312803709,7.975000000000,8.683271820000
1312804002,7.953700000000,0.111500000000
1312804059,7.975000000000,1.316728180000
1312804142,7.975010000000,0.143600000000
1312804161,7.975110000000,0.129100000000
1312804192,7.976000000000,2.507000000000
1312804237,7.976000000000,14.000000000000
1312804298,7.975210000000,0.140200000000
1312804329,7.975310000000,2.637342480000
1312804366,7.976000000000,0.080000000000
1312804426,7.975510000000,0.904800000000
1312804430,7.975510000000,0.125200000000
1312804445,7.975510000000,10.957030000000
1312804495,7.975610000000,2.000000000000
1312804526,7.975710000000,3.000000000000
1312804534,7.976000000000,8.413000000000
1312804534,7.976000000000,42.827132000000
1312804547,7.976020000000,0.108500000000
1312804551,7.976120000000,2.000000000000
1312804557,7.976120000000,5.000000000000
1312804576,7.976120000000,0.107200000000
1312804659,7.976320000000,0.149000000000
1312804673,7.976320000000,1.590000000000
1312804688,7.979970000000,0.250000000000
1312804688,7.979970000000,0.220000000000
1312804689,7.980000000000,3.988000000000
1312804689,7.980000000000,0.850000000000
1312804689,7.980000000000,20.000000000000
1312804741,7.980000000000,0.132100000000
1312804744,7.980000000000,0.102200000000
1312804803,7.980000000000,20.000000000000
1312804825,7.980100000000,15.000000000000
1312804825,7.980000000000,5.000000000000
1312804834,7.980190000000,0.250000000000
1312804834,7.980000000000,9.750000000000
1312804873,7.980100000000,0.111100000000
1312804878,7.980100000000,14.888900000000
1312804878,7.980000000000,19.957700000000
1312804904,7.980000000000,15.000000000000
1312804951,7.979970000000,0.235250000000
1312804951,7.980000000000,15.000000000000
1312804973,7.979970000000,0.014750000000
1312804973,7.976020000000,0.985250000000
1312804982,7.980000000000,0.250000000000
1312804989,7.980000000000,0.250000000000
1312805021,7.976120000000,0.263500000000
1312805038,7.976120000000,0.114000000000
1312805090,7.976220000000,0.261000000000
1312805155,7.976020000000,0.240500000000
1312805169,7.976420000000,0.136500000000
1312805179,7.976420000000,10.000000000000
1312805201,7.976420000000,4.863500000000
1312805218,7.976120000000,15.000000000000
1312805219,7.976020000000,3.725618000000
1312805219,7.975010000000,15.049671820000
1312805219,7.970010000000,16.224710180000
1312805251,7.970010000000,2.663789820000
1312805265,7.970000000000,11.336210180000
1312805288,7.970110000000,0.124600000000
1312805343,7.970210000000,6.000000000000
1312805431,7.970410000000,0.133400000000
1312805455,7.976410000000,9.136500000000
1312805455,7.976410000000,18.100000000000
1312805467,7.976420000000,0.149300000000
1312805469,7.976420000000,0.004437600000
1312805494,7.976420000000,0.130700000000
1312805514,7.976520000000,1.000000000000
1312805591,7.976620000000,0.101800000000
1312805687,7.980100000000,0.149000000000
1312805711,7.989000000000,0.003423450000
1312805750,7.980200000000,15.000000000000
1312805758,7.980090000000,5.290000000000
1312805772,7.989000000000,0.096576550000
1312805772,7.989000000000,13.103423450000
1312805781,7.980300000000,2.000000000000
1312805800,7.980300000000,0.145500000000
1312805907,7.980600000000,0.118700000000
1312805952,7.989000000000,2.120000000000
1312805952,7.989000000000,9.880000000000
1312805955,7.980700000000,0.136300000000
1312806026,7.980800000000,0.133000000000
1312806030,7.989000000000,1.000000000000
1312806084,7.980900000000,15.000000000000
1312806084,7.980000000000,8.000000000000
1312806084,7.976420000000,54.179644170000
1312806093,7.989000000000,18.789046410000
1312806093,7.989840000000,0.540000000000
1312806093,7.989900000000,3.765778250000
1312806093,7.989990000000,1.000000000000
1312806093,7.990000000000,5.000000000000
1312806093,7.990000000000,10.723000000000
1312806093,7.990000000000,1.190000000000
1312806094,7.990000000000,2.259544000000
1312806094,7.990000000000,6.100000000000
1312806094,7.990000000000,0.616651970000
1312806094,7.990000000000,5.821975730000
1312806103,7.990000000000,15.272300900000
1312806104,7.976520000000,0.134800000000
1312806115,7.990000000000,4.179057270000
1312806116,7.990000000000,1.143541810000
1312806124,7.990000000000,0.312914540000
1312806127,7.990000000000,0.085624540000
1312806133,7.990000000000,0.023430000000
1312806136,7.990000000000,0.006410900000
1312806140,7.990000000000,0.001754540000
1312806142,7.990000000000,0.000660820000
1312806236,7.976820000000,0.130300000000
1312806273,7.990000000000,5.000000000000
1312806434,7.976820000000,0.145300000000
1312806438,7.976820000000,10.000000000000
1312806484,7.976920000000,15.000000000000
1312806484,7.976420000000,8.299418230000
1312806484,7.950000000000,6.000000000000
1312806484,7.940000000000,0.896900000000
1312806484,7.933300000000,8.030000000000
1312806484,7.933000000000,1.364000000000
1312806484,7.931010000000,13.760200000000
1312806484,7.911200000000,15.045000000000
1312806485,7.908010000000,0.080000000000
1312806485,7.907910000000,0.080000000000
1312806485,7.907710000000,0.080000000000
1312806485,7.901670000000,0.001146600000
1312806485,7.900000000000,7.964531790000
1312806489,7.990000000000,15.000000000000
1312806490,7.990000000000,33.168308320000
1312806500,7.900000000000,0.578447550000
1312806600,7.943770000000,0.100000000000
1312806721,7.916000000000,0.100000000000
1312806791,7.902350000000,0.108500000000
1312806794,7.902350000000,0.342600000000
1312806794,7.902330000000,6.657400000000
1312806819,7.902450000000,15.000000000000
1312806819,7.902350000000,0.419700000000
1312806819,7.901670000000,4.310000000000
1312806819,7.900000000000,27.715655850000
1312806987,7.916010000000,2.000000000000
1312807105,7.941000000000,0.132500000000
1312807105,7.943770000000,0.080000000000
1312807105,7.945840000000,0.069179000000
1312807105,7.945840000000,0.080000000000
1312807105,7.989000000000,19.638321000000
1312807120,7.926210000000,10.000000000000
1312807262,7.926410000000,10.000000000000
1312807300,7.939000000000,0.136200000000
1312807326,7.989000000000,0.021026410000
1312807455,7.967000000000,0.145500000000
1312807515,7.989000000000,1.200000000000
1312807629,7.984100000000,0.106200000000
1312807648,7.988000000000,0.380000000000
1312807661,7.988010000000,0.138400000000
1312807663,7.988010000000,0.148200000000
1312807683,7.988010000000,6.333400000000
1312807683,7.967510000000,13.666600000000
1312807730,7.967610000000,15.000000000000
1312807792,7.940300000000,10.000000000000
1312807890,7.940300000000,0.134800000000
1312807966,7.956260000000,0.148900000000
1312807966,7.967400000000,5.103470360000
1312807966,7.989000000000,5.140652590000
1312807966,7.990000000000,2.606977050000
1312808057,7.940600000000,1.000000000000
1312808062,7.940600000000,0.290000000000
1312808278,7.940200000000,1.000000000000
1312808297,7.944690000000,0.138300000000
1312808304,7.961010000000,0.135900000000
1312808337,7.961110000000,10.000000000000
1312808601,7.961210000000,1.725000000000
1312808641,7.961110000000,0.129800000000
1312808646,7.970000000000,5.000000000000
1312808657,7.990000000000,5.784814960000
1312808725,7.990000000000,31.179228980000
1312808725,7.990000000000,4.310000000000
1312808725,7.990000000000,2.157686170000
1312808725,7.991600000000,0.525600000000
1312808725,7.992600000000,5.000000000000
1312808725,7.999720000000,6.827484850000
1312808770,7.965820000000,8.780000000000
1312808912,7.974000000000,0.134300000000
1312808964,7.986110000000,0.108000000000
1312808970,7.986110000000,35.000000000000
1312808971,7.986110000000,11.320000000000
1312808974,7.986110000000,0.002000000000
1312809033,7.986210000000,0.107000000000
1312809047,7.986210000000,0.134200000000
1312809159,7.990000000000,0.900000000000
1312809160,7.999720000000,11.872515150000
1312809160,7.999990000000,1.000000000000
1312809160,8.000000000000,2.300000000000
1312809160,8.000000000000,1.000000000000
1312809160,8.000000000000,182.927484850000
1312809243,7.986610000000,0.127200000000
1312809257,7.986610000000,2.020000000000
1312809318,7.986710000000,1.000000000000
1312809319,7.986710000000,10.000000000000
1312809335,7.986710000000,0.132000000000
1312809396,7.993000000000,0.116800000000
1312809397,8.000000000000,2.000000000000
1312809397,8.000000000000,3.000000000000
1312809397,8.000000000000,0.383200000000
1312809406,7.986810000000,0.100000000000
1312809497,7.987010000000,15.000000000000
1312809505,7.986410000000,4.404952910000
1312809527,7.965620000000,0.100000000000
1312809534,7.965620000000,0.049300000000
1312809534,7.961010000000,0.050700000000
1312809549,7.961010000000,0.100000000000
1312809555,7.961010000000,0.200000000000
1312809569,7.986600000000,0.100000000000
1312809576,7.986600000000,0.010000000000
1312809578,7.986600000000,0.010000000000
1312809579,7.986600000000,0.010000000000
1312809581,7.986600000000,0.010000000000
1312809583,7.986600000000,0.010000000000
1312809584,7.986600000000,0.010000000000
1312809597,7.986600000000,0.010000000000
1312809601,7.986600000000,0.010000000000
1312809605,7.986600000000,0.820000000000
1312809605,7.988000000000,0.100700000000
1312809605,8.000000000000,9.079300000000
1312809689,7.975000000000,0.029400000000
1312809718,7.975000000000,0.010000000000
1312809719,7.975000000000,0.010000000000
1312809721,7.975000000000,0.010000000000
1312809725,7.975000000000,0.010000000000
1312809728,7.975000000000,0.043800000000
1312809728,8.000000000000,0.010000000000
1312809747,7.987900000000,0.010000000000
1312809789,7.975110000000,0.500000000000
1312809886,7.975310000000,0.120400000000
1312809945,8.000000000000,15.527500000000
1312809945,8.000000000000,0.324392720000
1312809945,8.000000000000,41.937638530000
1312809945,8.000000000000,2.100000000000
1312809945,8.000000000000,1.840000000000
1312809945,8.000000000000,0.048375190000
1312809946,8.000000000000,5.000000000000
1312809946,8.000000000000,1.000000000000
1312809946,8.000000000000,1.996030000000
1312809946,8.000000000000,30.226063560000
1312809961,7.988000000000,0.122300000000
1312810005,8.000000000000,5.000000000000
1312810081,7.999100000000,0.136800000000
1312810117,7.999100000000,10.000000000000
1312810136,7.999200000000,0.127300000000
1312810143,8.000000000000,0.070521000000
1312810176,7.999300000000,3.000000000000
1312810191,7.999300000000,0.147100000000
1312810209,8.000000000000,7.000000000000
1312810227,8.000000000000,6.800000000000
1312810290,7.999500000000,0.119200000000
1312810349,7.999600000000,0.100000000000
1312810370,7.999600000000,1.020000000000
1312810381,7.999100000000,0.139000000000
1312810392,7.999590000000,1.000000000000
1312810392,8.000000000000,30.000000000000
1312810398,8.000000000000,3.000000000000
1312810412,8.000000000000,0.435000000000
1312810436,8.000000000000,0.100000000000
1312810486,7.999300000000,0.146300000000
1312810489,8.000000000000,0.010000000000
1312810507,7.999300000000,14.853700000000
1312810507,7.999000000000,0.050915410000
1312810523,7.990000000000,5.095384590000
1312810582,7.999500000000,15.000000000000
1312810589,7.999390000000,0.386900000000
1312810710,7.980200000000,0.107600000000
1312810785,7.980400000000,15.000000000000
1312810785,7.980000000000,4.000000000000
1312810785,7.975010000000,0.136200000000
1312810785,7.970010000000,12.440000000000
1312810785,7.961010000000,3.423800000000
1312810802,7.961010000000,5.951300000000
1312810802,7.960000000000,4.000000000000
1312810802,7.950000000000,2.451380000000
1312810802,7.950000000000,7.976000000000
1312810869,7.971290000000,0.124700000000
1312810869,8.000000000000,199.875300000000
1312810903,7.950100000000,11.000000000000
1312810916,7.969210000000,0.100000000000
1312810953,7.967690000000,0.105400000000
1312810982,8.000000000000,10.000000000000
1312811006,7.991300000000,0.138600000000
1312811006,8.000000000000,4.799650000000
1312811013,8.000000000000,66.897715040000
1312811023,8.003180000000,0.080000000000
1312811026,8.003190000000,4.920000000000
1312811026,8.000010000000,45.080000000000
1312811043,8.000010000000,0.138200000000
1312811056,8.003190000000,22.000000000000
1312811079,8.003290000000,0.132900000000
1312811113,8.003380000000,0.080000000000
1312811113,8.003480000000,0.080000000000
1312811128,8.005000000000,0.840000000000
1312811128,8.003390000000,15.000000000000
1312811151,8.003190000000,0.146600000000
1312811166,8.003280000000,4.160000000000
1312811221,8.003280000000,2.080160200000
1312811250,8.010000000000,13.000000000000
1312811252,8.030570000000,0.015794250000
1312811252,8.035960000000,0.080000000000
1312811253,8.036060000000,0.080000000000
1312811253,8.038800000000,1.824205750000
1312811279,8.017960000000,0.128500000000
1312811281,8.010100000000,0.128114500000
1312811301,8.038800000000,0.010000000000
1312811337,8.034000000000,0.106800000000
1312811337,8.038800000000,13.165659250000
1312811337,8.050000000000,15.000000000000
1312811338,8.050000000000,21.727540750000
1312811338,8.013800000000,40.000000000000
1312811338,8.010000000000,2.000000000000
1312811338,8.010000000000,1.396460000000
1312811338,8.000010000000,6.453540000000
1312811340,8.017960000000,7.791725300000
1312811379,8.000110000000,0.100000000000
1312811402,8.003280000000,0.100000000000
1312811413,8.050000000000,10.000000000000
1312811450,8.050000000000,10.000000000000
1312811452,8.050000000000,3.589698130000
1312811504,8.010200000000,15.000000000000
1312811504,8.010100000000,0.080000000000
1312811509,8.010100000000,3.000000000000
1312811509,8.003290000000,1.920000000000
1312811510,8.000010000000,1.914240000000
1312811571,8.010400000000,10.000000000000
1312811639,8.010500000000,5.600000000000
1312811674,8.010390000000,15.000000000000
1312811729,8.004100000000,0.137300000000
1312811754,8.010390000000,10.000000000000
1312811774,8.010390000000,3.800000000000
1312811791,8.010390000000,0.100000000000
1312811808,8.010390000000,11.000000000000
1312811831,8.010390000000,9.000000000000
1312811831,8.010390000000,10.000000000000
1312811836,8.010390000000,11.000000000000
1312811836,8.010390000000,12.000000000000
1312811868,8.004200000000,0.101800000000
1312811904,8.004200000000,0.101100000000
1312811916,8.004200000000,14.797100000000
1312811920,8.004000000000,0.400000000000
1312811920,8.000010000000,49.600000000000
1312811929,8.000110000000,0.124500000000
1312811935,8.004190000000,0.100000000000
1312811973,8.000210000000,3.000000000000
1312811990,8.000300000000,1.000000000000
1312811994,8.000300000000,7.836131210000
1312812128,8.000500000000,0.115500000000
1312812143,8.010390000000,0.100000000000
1312812155,8.000600000000,0.832860810000
1312812169,8.010390000000,8.727000000000
1312812169,8.050000000000,180.004761120000
1312812169,8.050000000000,2.390529690000
1312812227,8.050020000000,0.357100000000
1312812228,8.050000000000,11.142900000000
1312812251,8.050000000000,5.746122330000
1312812284,8.050100000000,0.118300000000
1312812355,8.050200000000,15.000000000000
1312812382,8.050090000000,15.000000000000
1312812427,8.050000000000,0.139400000000
1312812429,8.050090000000,7.711000000000
1312812483,8.050100000000,15.000000000000
1312812485,8.050090000000,6.100000000000
1312812486,8.050090000000,11.900000000000
1312812502,8.050000000000,0.991122190000
1312812563,8.050200000000,0.129400000000
1312812568,8.060000000000,1.306141430000
1312812629,8.060000000000,8.693858570000
1312812637,8.060010000000,0.129600000000
1312812645,8.060010000000,11.176541430000
1312812698,8.051940000000,2.000000000000
1312812703,8.051940000000,13.000000000000
1312812705,8.051940000000,4.704618390000
1312812756,8.069000000000,0.100000000000
1312812798,8.069010000000,0.158855210000
1312812810,8.069110000000,0.113200000000
1312812831,8.073400000000,1.000000000000
1312812840,8.069110000000,14.886800000000
1312812840,8.069010000000,1.741144790000
1312812855,8.060940000000,15.000000000000
1312812932,8.052050000000,15.000000000000
1312812933,8.051950000000,13.200000000000
1312812933,8.031790000000,1.003000000000
1312812933,8.010000000000,5.000000000000
1312812933,8.000300000000,16.063868790000
1312812933,8.000010000000,109.916304960000
1312812933,8.000000000000,1.000000000000
1312812933,7.960510000000,13.000000000000
1312812933,7.956000000000,3.000000000000
1312812933,7.947970000000,0.300000000000
1312812933,7.940200000000,0.080000000000
1312812934,7.940100000000,0.080000000000
1312812934,7.922580000000,0.100000000000
1312812934,7.910510000000,14.000000000000
1312812934,7.910000000000,16.050000000000
1312812934,7.900000000000,14.805896600000
1312812935,7.900000000000,0.747968210000
1312812935,7.900000000000,1.000000000000
1312812935,7.874400000000,0.080000000000
1312812935,7.873960000000,0.080000000000
1312812935,7.873760000000,0.160000000000
1312812935,7.873560000000,0.080000000000
1312812936,7.873460000000,0.080000000000
1312812936,7.873360000000,0.080000000000
1312812936,7.860900000000,36.421791390000
1312812936,7.860700000000,0.080000000000
1312812936,7.860500000000,0.080000000000
1312812941,7.860300000000,0.080000000000
1312812941,7.860200000000,0.080000000000
1312812942,7.857260000000,19.860000000000
1312812942,7.851060000000,0.080000000000
1312812942,7.850010000000,2.000000000000
1312812942,7.850010000000,14.598828660000
1312812942,7.849010000000,0.080000000000
1312812942,7.845610000000,4.850600000000
1312812943,7.843000000000,0.004892260000
1312812943,7.830000000000,0.300000000000
1312812943,7.822330000000,0.080000000000
1312812943,7.820120000000,1.030579450000
1312812943,7.810000000000,1.000000000000
1312812943,7.800010000000,1.003000000000
1312812943,7.800000000000,20.000000000000
1312812944,7.800000000000,0.200000000000
1312812944,7.799840000000,5.000000000000
1312812944,7.780000000000,0.400000000000
1312812944,7.776420000000,1.000000000000
1312812944,7.756540000000,0.080000000000
1312812944,7.756460000000,0.080000000000
1312812944,7.756240000000,0.080000000000
1312812945,7.756100000000,0.182493770000
1312812945,7.756000000000,4.000000000000
1312812945,7.750000000000,1.000000000000
1312812945,7.750000000000,60.000000000000
1312812945,7.730000000000,1.000000000000
1312812945,7.720000000000,2.550628230000
1312812945,7.720000000000,0.500000000000
1312812945,7.718820000000,0.080000000000
1312812946,7.711230000000,0.170000000000
1312812946,7.711000000000,60.000000000000
1312812946,7.710010000000,1.003000000000
1312812946,7.710000000000,0.100000000000
1312812946,7.710000000000,1.200000000000
1312812946,7.707580000000,2.150000000000
1312812946,7.701000000000,10.230000000000
1312812947,7.700010000000,4.335409950000
1312812947,7.700000000000,0.150000000000
1312812947,7.700000000000,2.060000000000
1312812947,7.695000000000,1.300000000000
1312812947,7.690000000000,0.200000000000
1312812947,7.680000000000,0.300000000000
1312812947,7.680000000000,0.300000000000
1312812947,7.680000000000,0.402441400000
1312812947,7.670000000000,0.500000000000
1312812947,7.670000000000,51.700000000000
1312812948,7.666000000000,1.000000000000
1312812948,7.660190000000,10.000000000000
1312812948,7.660000000000,0.750000000000
1312812948,7.660000000000,18.795000000000
1312812948,7.651000000000,0.200000000000
1312812948,7.650000000000,3.000000000000
1312812948,7.650000000000,1.000000000000
1312812948,7.650000000000,5.000000000000
1312812948,7.648000000000,20.000000000000
1312812948,7.640000000000,2.000000000000
1312812949,7.636300000000,10.000000000000
1312812949,7.632000000000,1.100000000000
1312812949,7.631230000000,3.350000000000
1312812949,7.631000000000,25.025000000000
1312812949,7.631000000000,6.320000000000
1312812949,7.630070000000,0.170000000000
1312812953,7.630070000000,1.034871230000
1312812954,7.630000000000,3.819501960000
1312812954,7.630000000000,3.000000000000
1312812954,7.630000000000,3.619255570000
1312812954,7.630000000000,84.300000000000
1312812954,7.630000000000,0.350000000000
1312812954,7.623000000000,100.000000000000
1312812954,7.622000000000,220.000000000000
1312812955,7.621230000000,3.690000000000
1312812955,7.621000000000,15.000000000000
1312812955,7.620000000000,56.152493430000
1312812955,7.620000000000,50.000000000000
1312812955,7.620000000000,89.000000000000
1312812955,7.620000000000,4.000000000000
1312812956,7.620000000000,27.177278210000
1312812956,7.620000000000,5.000000000000
1312812956,7.620000000000,5.950000000000
1312812956,7.611000000000,0.525600000000
1312812956,7.610510000000,15.000000000000
1312812956,7.610070000000,0.410000000000
1312812956,7.610010000000,10.030000000000
1312812957,7.610000000000,15.000000000000
1312812957,7.610000000000,93.883973710000
1312812957,7.610000000000,2.000000000000
1312812957,7.610000000000,1.994867270000
1312812957,7.610000000000,0.732982920000
1312812957,7.609750000000,10.000000000000
1312812957,7.608150000000,0.080000000000
1312812958,7.602000000000,330.000000000000
1312812958,7.600100000000,1.000000000000
1312812958,7.600100000000,4.190000000000
1312812958,7.600020000000,4.690000000000
1312812958,7.600000000000,9.766927630000
1312812958,7.600000000000,571.101544400000
1312812982,7.820000000000,0.097205880000
1312812988,7.600000000000,0.103432420000
1312812992,7.820000000000,0.080000000000
1312812994,7.800000000000,0.837218340000
1312812999,7.800000000000,0.180000000000
1312812999,7.700000000000,0.143000000000
1312812999,7.800000000000,1.576341020000
1312813002,7.700000000000,0.385177530000
1312813006,7.799900000000,0.270000000000
1312813008,7.799900000000,0.030000000000
1312813008,7.800000000000,0.070000000000
1312813030,7.800000000000,5.000000000000
1312813030,7.800000000000,2.144893000000
1312813030,7.800000000000,15.131547640000
1312813041,7.820000000000,1.000250000000
1312813050,7.820000000000,0.339500000000
1312813065,7.820000000000,10.030000000000
1312813073,7.820000000000,2.000000000000
1312813120,7.820000000000,1.408044120000
1312813263,7.833750000000,0.118000000000
1312813263,7.835110000000,0.055343000000
1312813263,7.850000000000,0.282557000000
1312813295,7.850000000000,0.720000000000
1312813415,7.830600000000,0.100000000000
1312813434,7.830600000000,0.020600000000
1312813509,7.894180000000,0.080000000000
1312813509,7.899990000000,0.259852370000
1312813509,7.899990000000,0.527522700000
1312813509,7.830710000000,0.106700000000
1312813511,7.850000000000,0.514422920000
1312813543,7.850000000000,10.120000000000
1312813548,7.850000000000,0.316400000000
1312813574,7.850000000000,0.080000000000
1312813575,7.850000000000,9.920000000000
1312813576,7.850000000000,1.000000000000
1312813582,7.844860000000,0.141400000000
1312813583,7.850000000000,0.148600000000
1312813672,7.850000000000,0.143400000000
1312813672,7.850000000000,26.978020080000
1312813766,7.850030000000,0.269400000000
1312813766,7.850010000000,9.290600000000
1312813769,7.869670000000,0.125500000000
1312813817,7.869780000000,2.110000000000
1312813823,7.899990000000,3.535028650000
1312813823,7.900000000000,5.000000000000
1312813840,7.900000000000,0.123100000000
1312813896,7.917000000000,0.300000000000
1312813918,7.960000000000,2.000000000000
1312813941,7.960000000000,2.000000000000
1312813975,7.950100000000,10.000000000000
1312813999,7.970800000000,0.111100000000
1312813999,7.989880000000,9.970000000000
1312813999,7.990000000000,10.200000000000
1312814011,7.990010000000,2.513918000000
1312814011,7.950100000000,5.000000000000
1312814018,7.950090000000,2.486082000000
1312814019,7.980000000000,9.078083800000
1312814019,8.000000000000,4.780000000000
1312814019,8.000000000000,2.050000000000
1312814019,8.000000000000,10.343627500000
1312814039,7.990010000000,0.146900000000
1312814071,7.990110000000,10.000000000000
1312814117,7.990110000000,0.100100000000
1312814177,7.990310000000,1.593229100000
1312814283,8.000000000000,1.000000000000
1312814303,7.990510000000,0.132900000000
1312814402,7.989890000000,0.116000000000
1312814411,8.000000000000,3.000000000000
1312814411,8.000000000000,2.966372500000
1312814445,8.000110000000,1.500000000000
1312814465,8.035760000000,0.300000000000
1312814465,8.050000000000,0.010000000000
1312814466,8.000110000000,0.009970000000
1312814480,8.035770000000,1.000000000000
1312814489,8.000210000000,0.266000000000
1312814552,8.000310000000,10.000000000000
1312814553,8.000310000000,0.267000000000
1312814559,8.000310000000,1.120000000000
1312814626,8.035770000000,12.890000000000
1312814627,8.000010000000,1.200000000000
1312814632,8.000000000000,5.910000000000
1312814632,8.035870000000,0.121500000000
1312814632,8.035870000000,0.240750000000
1312814636,8.035870000000,1.200000000000
1312814674,8.035860000000,15.000000000000
1312814725,8.035860000000,1.800000000000
1312814729,8.020000000000,0.229750000000
1312814733,8.020000000000,2.770250000000
1312814796,7.989890000000,0.145800000000
1312814846,7.990000000000,1.000000000000
1312814851,7.989990000000,7.900000000000
1312814853,7.989990000000,0.117100000000
1312814860,7.989990000000,5.000000000000
1312814862,7.989990000000,1.000000000000
1312814863,7.989990000000,0.200000000000
1312814867,7.990000000000,10.000000000000
1312814888,7.990000000000,4.000000000000
1312814892,7.990090000000,0.142300000000
1312814896,7.990090000000,2.170000000000
1312814905,7.990090000000,0.499000000000
1312814965,7.990190000000,2.500000000000
1312815024,7.990290000000,1.900000000000
1312815073,7.990390000000,1.113123500000
1312815106,7.990490000000,0.118000000000
1312815110,7.990490000000,0.129100000000
1312815198,7.989890000000,0.130800000000
1312815307,7.990000000000,5.930000000000
1312815316,7.990090000000,9.070000000000
1312815316,7.989890000000,15.607400000000
1312815316,7.989880000000,0.100000000000
1312815316,7.980510000000,2.000000000000
1312815324,7.950510000000,2.500000000000
1312815382,7.950510000000,0.101200000000
1312815422,7.950610000000,15.000000000000
1312815422,7.950510000000,0.398800000000
1312815459,7.950500000000,6.890000000000
1312815485,7.950450000000,1.000000000000
1312815492,7.900100000000,15.000000000000
1312815493,7.900000000000,1.000000000000
1312815493,7.900000000000,2.040000000000
1312815493,7.885000000000,0.300000000000
1312815493,7.880510000000,4.000000000000
1312815493,7.880000000000,4.660000000000
1312815496,7.950450000000,1.193140280000
1312815553,7.900200000000,3.228830000000
1312815569,7.900300000000,15.000000000000
1312815582,7.900000000000,0.122500000000
1312815596,7.900190000000,1.000000000000
1312815638,7.900000000000,1.670000000000
1312815714,7.900190000000,0.500000000000
1312815728,7.900200000000,0.129500000000
1312815736,7.900200000000,1.740000000000
1312815763,7.900300000000,2.000000000000
1312815787,7.900300000000,13.000000000000
1312815788,7.900000000000,3.197500000000
1312815788,7.870350000000,5.000000000000
1312815788,7.850000000000,8.000000000000
1312815788,7.850000000000,2.000000000000
1312815788,7.844960000000,14.920000000000
1312815788,7.840000000000,20.400000000000
1312815788,7.835000000000,20.400000000000
1312815788,7.830510000000,5.000000000000
1312815789,7.810000000000,5.000000000000
1312815789,7.810000000000,20.204161330000
1312815789,7.810000000000,6.050000000000
1312815789,7.800010000000,0.080000000000
1312815789,7.800000000000,0.307776920000
1312815789,7.800000000000,2.000000000000
1312815789,7.781500000000,0.150000000000
1312815789,7.780510000000,6.000000000000
1312815790,7.780000000000,2.100000000000
1312815790,7.756360000000,0.080000000000
1312815790,7.750000000000,2.000000000000
1312815790,7.741000000000,1.100000000000
1312815790,7.740000000000,10.000000000000
1312815790,7.730510000000,5.981878290000
1312815790,7.721000000000,0.141403960000
1312815790,7.720000000000,1.000000000000
1312815791,7.710240000000,0.400000000000
1312815791,7.710230000000,10.000000000000
1312815791,7.710000000000,1.210000000000
1312815791,7.700000000000,7.071822470000
1312815791,7.700000000000,5.890000000000
1312815791,7.685000000000,5.000000000000
1312815791,7.680010000000,0.400000000000
1312815791,7.680000000000,52.000000000000
1312815792,7.680000000000,1.397558600000
1312815792,7.666000000000,56.900000000000
1312815792,7.659650000000,10.000000000000
1312815792,7.650000000000,74.444098430000
1312815854,7.845290000000,0.080000000000
1312815854,7.660000000000,2.056553520000
1312815854,7.657650000000,5.863446480000
1312815868,7.660000000000,10.808864710000
1312815940,7.774900000000,0.150000000000
1312815940,7.774900000000,0.080000000000
1312815964,7.850000000000,0.804880000000
1312815977,7.880000000000,0.002410620000
1312815978,7.910000000000,5.000000000000
1312815978,7.940000000000,0.140000000000
1312815978,7.940000000000,4.857589380000
1312816015,7.780100000000,11.720000000000
1312816028,7.837260000000,0.100000000000
1312816149,7.828000000000,0.104600000000
1312816149,7.874130000000,0.080000000000
1312816149,7.909900000000,0.140979750000
1312816149,7.910000000000,1.396063500000
1312816150,7.939900000000,2.000000000000
1312816150,7.940000000000,1.278356750000
1312816218,7.850000000000,0.200000000000
1312816218,7.850000000000,1.216250950000
1312816224,7.800100000000,0.100000000000
1312816236,7.850000000000,1.129000000000
1312816236,7.850000000000,1.000000000000
1312816256,7.850000000000,1.000000000000
1312816262,7.850000000000,2.000000000000
1312816295,7.800300000000,2.029686030000
1312816295,7.800100000000,14.900000000000
1312816295,7.800000000000,9.063758970000
1312816296,7.800000000000,49.432573070000
1312816296,7.780200000000,0.080000000000
1312816304,7.750000000000,0.080000000000
1312816354,7.721000000000,0.058596040000
1312816356,7.720990000000,0.100000000000
1312816377,7.717300000000,0.133500000000
1312816377,7.720990000000,0.866500000000
1312816380,7.720990000000,2.000000000000
1312816393,7.720990000000,0.120000000000
1312816393,7.700000000000,1.028885890000
1312816431,7.750000000000,0.080000000000
1312816439,7.750010000000,0.139400000000
1312816512,7.750010000000,10.000000000000
1312816562,7.800000000000,2.000000000000
1312816562,7.800000000000,28.015700000000
1312816587,7.800010000000,3.650000000000
1312816591,7.800010000000,1.000000000000
1312816591,7.800010000000,2.640000000000
1312816720,7.830010000000,0.104500000000
1312816720,7.836800000000,0.150000000000
1312816720,7.840000000000,1.000000000000
1312816720,7.849950000000,1.150000000000
1312816720,7.850000000000,7.595500000000
1312816796,7.800010000000,1.000000000000
1312816796,7.800010000000,13.694300000000
1312816842,7.800000000000,19.305700000000
1312816843,7.800400000000,0.107400000000
1312816843,7.850000000000,6.059249050000
1312816843,7.894470000000,0.080000000000
1312816843,7.909900000000,0.058420250000
1312816843,7.930000000000,5.872330000000
1312816843,7.939970000000,2.990000000000
1312816843,7.940000000000,3.413211390000
1312816843,7.940000000000,4.000000000000
1312816843,7.940000000000,0.080000000000
1312816844,7.940000000000,3.000000000000
1312816844,7.949900000000,0.100000000000
1312816844,7.950440000000,0.140000000000
1312816844,7.950450000000,0.973980720000
1312816844,7.959200000000,0.196562430000
1312816844,7.959900000000,2.000000000000
1312816844,7.960000000000,20.000000000000
1312816844,7.970000000000,0.472714000000
1312816844,7.970000000000,3.949000000000
1312816845,7.980000000000,56.729300000000
1312816845,7.988940000000,60.000000000000
1312816845,7.989000000000,300.000000000000
1312816845,7.990000000000,86.152784020000
1312816845,7.990000000000,35.000000000000
1312816845,7.990000000000,5.000000000000
1312816845,7.990000000000,34.319348140000
1312816895,7.800110000000,0.100000000000
1312816949,7.866260000000,0.150000000000
1312816980,7.866270000000,39.850000000000
1312816981,7.800210000000,15.000000000000
1312816981,7.800110000000,0.022014440000
1312816990,7.800100000000,4.010000000000
1312817001,7.800100000000,1.500000000000
1312817005,7.800100000000,2.034850830000
1312817014,7.800100000000,0.110000000000
1312817026,7.800100000000,42.566904730000
1312817026,7.800100000000,0.080000000000
1312817026,7.894180000000,0.080000000000
1312817026,7.917110000000,0.150000000000
1312817026,7.950450000000,0.176019280000
1312817026,7.980000000000,1.000000000000
1312817026,7.980000000000,3.608397800000
1312817026,7.980000000000,20.000000000000
1312817027,7.982010000000,32.338678190000
1312817030,7.800010000000,0.080000000000
1312817039,7.800010000000,0.031000000000
1312817049,7.800110000000,1.000000000000
1312817054,7.917110000000,0.078550590000
1312817055,7.979990000000,2.000000000000
1312817055,7.981990000000,3.124000000000
1312817055,7.982010000000,1.297449410000
1312817057,7.982010000000,2.378305810000
1312817057,7.988000000000,97.621694190000
1312817098,7.852000000000,0.131700000000
1312817098,7.890000000000,0.342200000000
1312817132,7.801020000000,0.440900000000
1312817132,7.801000000000,7.679100000000
1312817145,7.890000000000,2.648800000000
1312817145,7.890000000000,5.000000000000
1312817145,7.980010000000,3.475253860000
1312817145,7.987000000000,1.000000000000
1312817145,7.987800000000,2.680000000000
1312817145,7.987900000000,1.251620720000
1312817145,7.988000000000,52.378305810000
1312817145,7.988000000000,0.023555910000
1312817145,7.989900000000,10.000000000000
1312817146,7.990000000000,21.542463700000
1312817160,7.801100000000,15.000000000000
1312817160,7.801020000000,0.410600000000
1312817160,7.801000000000,11.589400000000
1312817178,7.880710000000,0.137000000000
1312817178,7.990000000000,1.063000000000
1312817182,7.808800000000,30.000000000000
1312817197,7.808800000000,0.030399540000
1312817197,7.801020000000,0.382300000000
1312817203,7.801010000000,0.356000000000
1312817214,7.801010000000,0.331500000000
1312817217,7.801010000000,0.143581400000
1312817217,7.801010000000,1.756219060000
1312817217,7.970000000000,88.733000000000
1312817217,7.990000000000,9.510780940000
1312817227,7.810000000000,1.000000000000
1312817227,7.801000000000,0.023720350000
1312817227,7.801000000000,8.976279650000
1312817228,7.801000000000,21.000000000000
1312817304,7.892800000000,0.118700000000
1312817387,7.905910000000,5.200000000000
1312817411,7.906010000000,1.000000000000
1312817446,7.906010000000,0.850000000000
1312817461,7.929840000000,0.103200000000
1312817461,7.979980000000,3.073000000000
1312817461,7.980000000000,1.000000000000
1312817461,7.980000000000,5.000000000000
1312817461,7.980000000000,47.143800000000
1312817465,7.906010000000,3.000000000000
1312817568,7.906030000000,0.525200000000
1312817596,7.906020000000,4.474800000000
1312817596,7.962000000000,0.134100000000
1312817596,7.980000000000,35.391100000000
1312817604,7.906020000000,0.972370000000
1312817610,7.906020000000,0.000006920000
1312817659,7.915000000000,8.568725200000
1312817659,7.906020000000,0.717623080000
1312817667,7.906010000000,2.000000000000
1312817699,7.905810000000,1.881300000000
1312817705,7.905800000000,3.000000000000
1312817741,7.874440000000,0.489800000000
1312817741,7.874420000000,5.000000000000
1312817741,7.874300000000,1.000000000000
1312817741,7.820070000000,0.690000000000
1312817742,7.820000000000,1.820200000000
1312817769,7.874430000000,24.700000000000
1312817769,7.887000000000,0.128400000000
1312817769,7.900000000000,5.171600000000
1312817936,7.869970000000,0.107500000000
1312817936,7.900000000000,76.429665020000
1312817936,7.906020000000,5.000000000000
1312817937,7.950000000000,18.462834980000
1312817964,7.890340000000,0.133000000000
1312817964,7.899700000000,0.320700000000
1312817990,7.850000000000,1.000000000000
1312817997,7.849990000000,9.000000000000
1312818092,7.850020000000,0.422100000000
1312818099,7.850000000000,2.000000000000
1312818099,7.850000000000,0.500000000000
1312818099,7.822000000000,1.500000000000
1312818101,7.850010000000,1.000000000000
1312818104,7.850010000000,0.392900000000
1312818115,7.850010000000,0.365700000000
1312818121,7.850000000000,0.128700000000
1312818124,7.850010000000,0.090000000000
1312818125,7.850010000000,0.340300000000
1312818135,7.850010000000,0.316800000000
1312818143,7.850010000000,2.072200000000
1312818224,7.850020000000,2.000000000000
1312818399,7.860000000000,1.000000000000
1312818444,7.870040000000,0.110500000000
1312818451,7.870050000000,0.101000000000
1312818483,7.870050000000,9.447485080000
1312818483,7.860000000000,18.164686830000
1312818483,7.850020000000,4.000000000000
1312818483,7.850020000000,2.000000000000
1312818519,7.850000000000,0.100000000000
1312818537,7.850000000000,4.000000000000
1312818544,7.850000000000,3.900000000000
1312818556,7.850000000000,1.003500000000
1312818622,7.850000000000,2.500000000000
1312818628,7.850000000000,4.884328090000
1312818637,7.879000000000,0.101340000000
1312818695,7.887430000000,0.117800000000
1312818710,7.887440000000,0.119600000000
1312818732,7.887440000000,1.073000000000
1312818732,7.887440000000,0.010955260000
1312818802,7.887440000000,5.000000000000
1312818876,7.887440000000,5.000000000000
1312818999,7.887440000000,1.496414450000
1312819033,7.887440000000,1.182230290000
1312819033,7.855900000000,5.000000000000
1312819034,7.850010000000,1.031000000000
1312819034,7.850000000000,3.786769710000
1312819060,7.869510000000,0.140000000000
1312819120,7.865200000000,0.145400000000
1312819121,7.869510000000,1.050859490000
1312819172,7.850000000000,1.000000000000
1312819180,7.867750000000,0.148500000000
1312819180,7.869510000000,0.041500000000
1312819246,7.869510000000,9.767640510000
1312819247,7.937910000000,3.690000000000
1312819247,7.937920000000,3.690000000000
1312819247,7.937940000000,2.640000000000
1312819247,7.938000000000,10.000000000000
1312819247,7.939510000000,11.000000000000
1312819247,7.939900000000,10.000000000000
1312819248,7.940000000000,0.600000000000
1312819248,7.940000000000,11.000000000000
1312819248,7.940000000000,4.772409400000
1312819248,7.950000000000,55.757931150000
1312819248,7.970000000000,24.825300000000
1312819248,7.979000000000,41.056718940000
1312819532,7.899000000000,0.146600000000
1312819532,7.944770000000,0.320000000000
1312819532,7.950000000000,10.000000000000
1312819532,7.979000000000,8.943281060000
1312819533,7.979000000000,10.590118940000
1312819547,7.850000000000,0.100000000000
1312819547,7.850000000000,0.320000000000
1312819547,7.850000000000,0.780000000000
1312819767,7.905360000000,0.126700000000
1312819767,7.905360000000,0.080000000000
1312819767,7.940000000000,0.777660000000
1312819767,7.940000000000,0.160000000000
1312819778,7.940010000000,21.000000000000
1312819821,7.940010000000,0.130200000000
1312819842,7.940010000000,0.119000000000
1312819849,7.940010000000,5.000000000000
1312819857,7.940010000000,1.192670710000
1312819859,7.940010000000,5.000000000000
1312819866,7.940010000000,5.000000000000
1312819907,7.940010000000,0.143150660000
1312819912,7.940010000000,0.128000000000
1312819917,7.940010000000,5.000000000000
1312819942,7.940010000000,0.111000000000
1312819973,7.940010000000,29.910000000000
1312820019,7.940010000000,0.354680120000
1312820021,7.940010000000,10.000000000000
1312820022,7.940010000000,0.354680120000
1312820048,7.940010000000,0.145300000000
1312820100,7.940010000000,0.142500000000
1312820124,7.940010000000,0.116100000000
1312820167,7.940010000000,0.147600000000
1312820175,7.940010000000,0.119700000000
1312820229,7.940010000000,7.800000000000
1312820291,7.940010000000,1.027907000000
1312820311,7.940010000000,0.138300000000
1312820316,7.944770000000,0.958442260000
1312820316,7.944770000000,0.080000000000
1312820322,7.944780000000,0.135700000000
1312820328,7.944780000000,30.205857740000
1312820328,7.940010000000,5.774851390000
1312820453,7.939980000000,3.088000000000
1312820453,7.940000000000,46.304000650000
1312820458,7.944780000000,0.100000000000
1312820459,7.944780000000,0.100000000000
1312820468,7.944780000000,1.130000000000
1312820490,7.944780000000,0.133500000000
1312820491,7.944780000000,52.396734710000
1312820563,7.905360000000,0.100000000000
1312820577,7.860100000000,0.144172460000
1312820580,7.860020000000,0.144172460000
1312820584,7.860020000000,0.250000000000
1312820587,7.860020000000,0.117827540000
1312820587,7.860000000000,0.250000000000
1312820632,7.860020000000,0.100000000000
1312820632,7.860020000000,0.250000000000
1312820632,7.860020000000,0.080000000000
1312820652,7.860050000000,19.320000000000
1312820652,7.852050000000,0.476700000000
1312820652,7.852030000000,11.180000000000
1312820652,7.851000000000,0.200000000000
1312820652,7.850100000000,5.015000000000
1312820652,7.850000000000,0.080000000000
1312820653,7.850000000000,4.433230290000
1312820653,7.850000000000,2.650000000000
1312820653,7.850000000000,125.490000000000
1312820653,7.850000000000,23.655069710000
1312820656,7.860020000000,0.170000000000
1312820680,7.852300000000,0.135400000000
1312820680,7.859990000000,0.307900000000
1312820688,7.859990000000,0.140000000000
1312820696,7.850000000000,5.000000000000
1312820698,7.859990000000,0.412500000000
1312820709,7.859990000000,1.000000000000
1312820709,7.859990000000,3.000000000000
1312820711,7.859990000000,0.383800000000
1312820721,7.850000000000,20.000000000000
1312820726,7.859990000000,1.035829560000
1312820736,7.859990000000,0.357100000000
1312820746,7.859990000000,1.192870440000
1312820747,7.860010000000,0.332200000000
1312820779,7.859990000000,0.007693940000
1312820798,7.850000000000,0.250000000000
1312820803,7.855000000000,0.036581060000
1312820803,7.860010000000,0.167800000000
1312820807,7.860020000000,1.395618940000
1312820807,7.850000000000,14.354381060000
1312820811,7.850000000000,0.130493920000
1312820929,7.855010000000,3.800000000000
1312820931,7.850000000000,7.000000000000
1312820940,7.850000000000,0.250000000000
1312820944,7.850000000000,0.250000000000
1312820948,7.850000000000,22.670000000000
1312820957,7.850000000000,0.330300000000
1312820959,7.850000000000,10.594630290000
1312820960,7.850000000000,5.515125020000
1312820960,7.850000000000,7.110244690000
1312820983,7.855000000000,4.023523870000
1312820993,7.845570000000,0.350496540000
1312821011,7.850000000000,0.190000000000
1312821018,7.850000000000,0.138516380000
1312821018,7.855000000000,4.861483620000
1312821039,7.855000000000,0.566700000000
1312821234,7.850000000000,0.110000000000
1312821240,7.850000000000,3.749305290000
1312821240,7.855000000000,1.246894580000
1312821315,7.845570000000,8.039503460000
1312821315,7.845290000000,0.160000000000
1312821315,7.833070000000,0.270000000000
1312821315,7.822030000000,0.270000000000
1312821316,7.822000000000,8.080000000000
1312821316,7.821000000000,1.000000000000
1312821316,7.820910000000,0.150000000000
1312821316,7.820090000000,0.290000000000
1312821316,7.820000000000,0.330863170000
1312821316,7.818640000000,0.210000000000
1312821316,7.818630000000,5.000000000000
1312821316,7.818610000000,10.000000000000
1312821317,7.811060000000,0.080000000000
1312821317,7.810070000000,1.580000000000
1312821317,7.810000000000,52.983509960000
1312821341,7.810000000000,4.876490040000
1312821341,7.810000000000,1.614268860000
1312821394,7.859920000000,0.000223920000
1312821402,7.855000000000,0.490000000000
1312821438,7.839510000000,0.290000000000
1312821519,7.810070000000,3.990000000000
1312821524,7.810060000000,0.200000000000
1312821526,7.810060000000,0.200000000000
1312821541,7.810060000000,6.365000000000
1312821573,7.810060000000,0.773035030000
1312821599,7.810060000000,0.025826940000
1312821609,7.810060000000,0.120000000000
1312821670,7.810000000000,0.936729830000
1312821670,7.808800000000,14.543270170000
1312821792,7.808800000000,21.328402470000
1312821792,7.805500000000,5.100000000000
1312821792,7.804030000000,6.330000000000
1312821792,7.801000000000,2.000000000000
1312821792,7.800000000000,1.000000000000
1312821792,7.800000000000,0.302450000000
1312821793,7.800000000000,70.062888910000
1312821822,7.810060000000,0.140000000000
1312821887,7.800000000000,1.000000000000
1312821887,7.800000000000,0.137470520000
1312821888,7.800000000000,11.000000000000
1312821888,7.800000000000,2.948682480000
1312821935,7.810060000000,188.186138030000
1312821936,7.839510000000,9.000000000000
1312821936,7.869510000000,9.000000000000
1312821936,7.900000000000,6.030000000000
1312821961,7.800000000000,0.047107800000
1312821985,7.900000000000,1.000000000000
1312822017,7.900000000000,0.200000000000
1312822025,7.900000000000,10.000000000000
1312822029,7.900000000000,1.032722070000
1312822117,7.900000000000,0.143739940000
1312822176,7.920000000000,5.000000000000
1312822186,7.900000000000,75.000000000000
1312822186,7.900000000000,0.407399960000
1312822186,7.850000000000,0.300000000000
1312822186,7.810070000000,0.292600040000
1312822231,7.899990000000,1.660000000000
1312822424,7.810070000000,0.777399960000
1312822424,7.810020000000,0.310400000000
1312822424,7.810000000000,1.041000000000
1312822424,7.805770000000,0.878152040000
1312822458,7.805770000000,32.000000000000
1312822468,7.805770000000,32.000000000000
1312822492,7.805770000000,0.490000000000
1312822525,7.805770000000,3.299000590000
1312822525,7.805760000000,0.080000000000
1312822595,7.805000000000,0.295652780000
1312822595,7.800000000000,0.684802020000
1312822595,7.800000000000,29.937111090000
1312822595,7.800000000000,0.049466660000
1312822659,7.800000000000,0.032967450000
1312822659,7.805760000000,4.687032550000
1312823019,7.800000000000,0.080000000000
1312823114,7.800000000000,9.800000000000
1312823174,7.800000000000,10.120000000000
1312823255,7.805760000000,1.050000000000
1312823255,7.805760000000,1.350000000000
1312823281,7.805760000000,0.050000000000
1312823307,7.800010000000,0.100000000000
1312823320,7.805760000000,9.732895330000
1312823321,7.830510000000,7.000000000000
1312823321,7.860490000000,1.690000000000
1312823321,7.860510000000,7.000000000000
1312823321,7.880000000000,0.100000000000
1312823321,7.890000000000,0.200000000000
1312823321,7.899750000000,3.650000000000
1312823321,7.899770000000,0.627104670000
1312823370,7.894180000000,0.010000000000
1312823445,7.894180000000,0.070000000000
1312823445,7.899750000000,2.130000000000
1312823723,7.806000000000,0.300000000000
1312823723,7.805770000000,0.001642370000
1312823738,7.830510000000,5.000000000000
1312823903,7.830510000000,6.000000000000
1312823974,7.831000000000,0.050000000000
1312824009,7.800010000000,0.080000000000
1312824009,7.800010000000,0.887601290000
1312824009,7.780020000000,0.441100000000
1312824009,7.780000000000,3.882697940000
1312824009,7.780000000000,0.635000000000
1312824009,7.770000000000,9.600000000000
1312824010,7.766260000000,0.080000000000
1312824010,7.750000000000,2.000000000000
1312824010,7.720880000000,0.204458490000
1312824010,7.720110000000,11.000000000000
1312824010,7.720000000000,15.000000000000
1312824010,7.714000000000,36.143511790000
1312824010,7.710000000000,25.171368350000
1312824010,7.710000000000,6.022000000000
1312824011,7.707060000000,0.080000000000
1312824011,7.700100000000,5.190000000000
1312824011,7.700000000000,1.815790900000
1312824011,7.700000000000,1.000000000000
1312824011,7.684000000000,10.302030190000
1312824011,7.683000000000,51.800000000000
1312824011,7.682160000000,0.080000000000
1312824012,7.681000000000,1.000000000000
1312824012,7.680000000000,5.800000000000
1312824012,7.680000000000,30.000000000000
1312824012,7.675000000000,181.784441050000
1312824228,7.830510000000,0.240000000000
1312824229,7.830510000000,0.760000000000
1312824327,7.700020000000,0.411900000000
1312824327,7.700000000000,0.100000000000
1312824327,7.700000000000,11.500000000000
1312824327,7.700000000000,1.000000000000
1312824328,7.682680000000,60.849290600000
1312824328,7.675000000000,13.133924420000
1312824328,7.670000000000,5.000000000000
1312824328,7.670000000000,1.723737940000
1312824328,7.670000000000,0.642915250000
1312824328,7.667000000000,3.500000000000
1312824328,7.660510000000,7.000000000000
1312824328,7.660000000000,41.652069190000
1312824328,7.657660000000,10.030000000000
1312824329,7.657550000000,0.080000000000
1312824329,7.650000000000,20.000000000000
1312824329,7.650000000000,5.000000000000
1312824329,7.650000000000,2.000000000000
1312824329,7.650000000000,16.376162600000
1312824430,7.737080000000,0.080000000000
1312824447,7.737070000000,0.250000000000
1312824451,7.737070000000,0.670000000000
1312824455,7.790880000000,0.080000000000
1312824562,7.790880000000,1.900000000000
1312824586,7.790880000000,0.160000000000
1312824587,7.790880000000,0.840000000000
1312824588,7.829950000000,1.000000000000
1312824673,7.790880000000,0.080000000000
1312824755,7.730590000000,0.382000000000
1312824755,7.730580000000,1.618000000000
1312824826,7.730580000000,0.020221100000
1312824826,7.730580000000,3.072000000000
1312824827,7.730570000000,0.170000000000
1312824827,7.730520000000,0.037778900000
1312824892,7.730540000000,0.357100000000
1312824892,7.730520000000,0.042900000000
1312824971,7.730540000000,0.332300000000
1312825102,7.779000000000,0.400000000000
1312825113,7.780000000000,1.200000000000
1312825158,7.780000000000,5.000000000000
1312825447,7.780000000000,3.200000000000
1312825490,7.780000000000,0.200000000000
1312825575,7.724080000000,2.700000000000
1312825575,7.674050000000,4.990000000000
1312825575,7.674020000000,0.150000000000
1312825575,7.671000000000,5.000000000000
1312825576,7.660510000000,5.960000000000
1312825591,7.660510000000,0.040000000000
1312825592,7.657690000000,4.960000000000
1312825601,7.657690000000,0.030000000000
1312825647,7.697940000000,0.080000000000
1312825748,7.750010000000,0.100000000000
1312825748,7.743400000000,0.100000000000
1312825748,7.700000000000,0.898349260000
1312825774,7.775000000000,0.300000000000
1312825774,7.700000000000,14.101650740000
1312825774,7.660510000000,0.598349260000
1312825784,7.790790000000,3.083000000000
1312825789,7.790800000000,0.080000000000
1312825799,7.790800000000,0.697661340000
1312825868,7.790000000000,0.300000000000
1312825868,7.790730000000,4.630000000000
1312825903,7.790740000000,5.000000000000
1312825903,7.790740000000,0.070000000000
1312825904,7.700000000000,0.300000000000
1312825904,7.697900000000,1.000000000000
1312825904,7.697860000000,0.080000000000
1312825904,7.660510000000,5.000000000000
1312825904,7.657660000000,0.550000000000
1312825962,7.657780000000,0.527000000000
1312825963,7.657760000000,15.000000000000
1312825963,7.657660000000,13.241573280000
1312825986,7.790740000000,0.080000000000
1312826242,7.750450000000,0.080000000000
1312826242,7.752990000000,0.080000000000
1312826242,7.780000000000,1.850000000000
1312826285,7.780000000000,8.150000000000
1312826285,7.790870000000,1.244256000000
1312826285,7.790870000000,0.080000000000
1312826286,7.810000000000,3.669550520000
1312826286,7.820000000000,0.957877000000
1312826286,7.824080000000,0.080000000000
1312826286,7.824100000000,0.080000000000
1312826286,7.830490000000,0.080000000000
1312826286,7.830510000000,8.000000000000
1312826287,7.850000000000,1.810343530000
1312826287,7.853130000000,0.149550000000
1312826287,7.860500000000,2.000000000000
1312826287,7.860510000000,8.000000000000
1312826287,7.879210000000,0.198422950000
1312826446,7.730770000000,0.240000000000
1312826446,7.730770000000,0.488100000000
1312826447,7.730750000000,0.080000000000
1312826447,7.730750000000,9.191900000000
1312826460,7.730770000000,0.250000000000
1312826505,7.770000000000,0.000223250000
1312826505,7.770000000000,0.500000000000
1312826537,7.824100000000,0.000219830000
1312826539,7.770030000000,0.000219170000
1312826551,7.824100000000,0.000215990000
1312826582,7.770030000000,0.000215340000
1312826610,7.824100000000,0.000212160000
1312826611,7.770030000000,0.000211520000
1312826615,7.822000000000,0.000209600000
1312826616,7.770030000000,0.000208970000
1312826621,7.822000000000,0.000207050000
1312826630,7.770010000000,0.000206430000
1312826638,7.800000000000,0.000204490000
1312826640,7.785020000000,0.000203880000
1312826643,7.822000000000,0.000203210000
1312826649,7.785020000000,0.000202600000
1312826651,7.800000000000,0.000201940000
1312826654,7.785020000000,0.000201330000
1312826666,7.800000000000,0.000200660000
1312826701,7.771000000000,0.000200060000
1312826719,7.800000000000,0.000198100000
1312826735,7.800000000000,0.365000000000
1312826860,7.800000000000,0.402344060000
1312826947,7.800010000000,4.993000000000
1312826968,7.800010000000,3.204655940000
1312827040,7.800000000000,7.057300000000
1312827062,7.785020000000,0.009402190000
1312827103,7.785010000000,20.000000000000
1312827235,7.771370000000,1.510000000000
1312827235,7.771030000000,2.019369370000
1312827236,7.771000000000,0.105241280000
1312827236,7.770010000000,12.499570320000
1312827369,7.750000000000,2.750000000000
1312827400,7.730770000000,0.437800000000
1312827406,7.730760000000,0.407300000000
1312827498,7.730750000000,0.470000000000
1312827578,7.730760000000,0.037416000000
1312827578,7.730760000000,9.528944060000
1312827578,7.730760000000,9.970000000000
1312827729,7.750000000000,0.050000000000
1312827790,7.750000000000,2.000000000000
1312827842,7.730750000000,14.610890000000
1312827859,7.750000000000,5.085819030000
1312827860,7.785010000000,24.914180970000
1312827928,7.730750000000,0.080000000000
1312827928,7.730750000000,4.920000000000
1312828026,7.785010000000,5.000000000000
1312828026,7.730750000000,0.807210000000
1312828026,7.730750000000,4.210000000000
1312828026,7.721520000000,0.204532050000
1312828026,7.720770000000,0.379200000000
1312828026,7.720750000000,30.000000000000
1312828027,7.720000000000,5.000000000000
1312828027,7.710750000000,30.000000000000
1312828027,7.700780000000,20.000000000000
1312828027,7.700750000000,30.000000000000
1312828027,7.700000000000,1.840074020000
1312828027,7.700000000000,3.710806490000
1312828027,7.671300000000,27.977500550000
1312828027,7.670000000000,52.620112120000
1312828027,7.670000000000,3.500000000000
1312828028,7.670000000000,0.778830500000
1312828028,7.660510000000,0.080000000000
1312828028,7.660510000000,8.000000000000
1312828028,7.658110000000,20.000000000000
1312828028,7.658000000000,0.080000000000
1312828028,7.657660000000,43.207581680000
1312828028,7.657650000000,62.990321650000
1312828028,7.650010000000,2.000000000000
1312828029,7.650000000000,9.623837400000
1312828029,7.650000000000,1.042000000000
1312828029,7.650000000000,13.614094110000
1312828029,7.650000000000,5.030000000000
1312828029,7.650000000000,11.513852280000
1312828029,7.644780000000,0.080000000000
1312828029,7.640000000000,4.000000000000
1312828029,7.636300000000,7.710047150000
1312828052,7.785010000000,1.130000000000
1312828242,7.680000000000,5.000000000000
1312828252,7.670200000000,3.000000000000
1312828252,7.700000000000,9.060000000000
1312828253,7.784000000000,0.400000000000
1312828253,7.784010000000,1.000000000000
1312828253,7.785010000000,9.540000000000
1312828326,7.670300000000,1.570000000000
1312828471,7.762900000000,0.080000000000
1312828725,7.784210000000,0.166131000000
1312828741,7.784210000000,0.043209610000
1312828752,7.784210000000,0.166131000000
1312828752,7.784010000000,99.833869000000
1312828899,7.784200000000,0.776494010000
1312828899,7.784210000000,1.498505340000
1312828905,7.784990000000,0.608917700000
1312828911,7.784210000000,0.016489450000
1312828911,7.784010000000,0.166131000000
1312828972,7.783990000000,0.588245610000
1312829162,7.782990000000,10.000000000000
1312829190,7.682060000000,1.000000000000
1312829197,7.700000000000,1.040000000000
1312829314,7.780000000000,1.000000000000
1312829390,7.780000000000,6.000000000000
1312829390,7.780000000000,9.000000000000
1312829453,7.778000000000,0.400000000000
1312829453,7.779990000000,4.700000000000
1312829723,7.701000000000,0.400000000000
1312829809,7.700990000000,0.395800000000
1312829815,7.700990000000,0.690000000000
1312829844,7.700990000000,1.000000000000
1312829874,7.700990000000,0.300000000000
1312829939,7.700320000000,0.368200000000
1312829981,7.700310000000,1.210000000000
1312829983,7.700310000000,1.000000000000
1312829999,7.700310000000,2.030000000000
1312830053,7.700310000000,9.391800000000
1312830163,7.700320000000,25.000000000000
1312830277,7.700320000000,0.608200000000
1312830321,7.700310000000,0.025245730000
1312830402,7.700310000000,0.974754270000
1312830469,7.700320000000,1.000000000000
1312830490,7.700320000000,19.025245730000
1312830490,7.700000000000,20.974754270000
1312830490,7.700990000000,0.500000000000
1312830503,7.700990000000,0.250000000000
1312830510,7.700990000000,0.250000000000
1312830660,7.700990000000,0.214200000000
1312830830,7.701020000000,0.342300000000
1312830830,7.701010000000,0.859009890000
1312831175,7.758000000000,0.400000000000
1312831175,7.759650000000,3.077000000000
1312831175,7.759670000000,4.670000000000
1312831175,7.759680000000,4.680000000000
1312831175,7.769880000000,2.000000000000
1312831175,7.769890000000,5.173000000000
1312831208,7.758010000000,0.015296440000
1312831209,7.701020000000,0.533700000000
1312831209,7.701010000000,0.148735840000
1312831209,7.701000000000,22.785800000000
1312831209,7.701000000000,1.000000000000
1312831209,7.701000000000,0.074754270000
1312831219,7.701000000000,0.496500000000
1312831223,7.701000000000,24.977270480000
1312831230,7.758010000000,0.000197510000
1312831236,7.758010000000,99.984506050000
1312831289,7.701020000000,0.461900000000
1312831296,7.701000000000,7.239110000000
1312831338,7.710000000000,50.000000000000
1312831338,7.700000000000,2.985245730000
1312831338,7.678750000000,2.017664330000
1312831338,7.678740000000,0.213626510000
1312831339,7.677970000000,56.290545330000
1312831339,7.670300000000,0.080000000000
1312831339,7.670000000000,15.000000000000
1312831357,7.670000000000,11.000000000000
1312831374,7.670000000000,4.340000000000
1312831380,7.666060000000,0.150000000000
1312831380,7.666050000000,4.757477440000
1312831381,7.666050000000,8.092522560000
1312831381,7.670000000000,23.072918100000
1312831423,7.701000000000,0.430600000000
1312831423,7.670010000000,20.322211340000
1312831423,7.670010000000,3.730000000000
1312831423,7.666160000000,15.000000000000
1312831426,7.666050000000,0.431000000000
1312831429,7.666050000000,15.000000000000
1312831459,7.757990000000,2.000000000000
1312831459,7.757990000000,3.730000000000
1312831463,7.758010000000,2.190000000000
1312831467,7.758010000000,12.080000000000
1312831467,7.678750000000,0.982335670000
1312831476,7.670000000000,7.000000000000
1312831482,7.670000000000,0.850000000000
1312831484,7.670000000000,0.850000000000
1312831487,7.670000000000,0.415011650000
1312831495,7.670000000000,1.000000000000
1312831496,7.670000000000,0.882923300000
1312831502,7.670000000000,0.369600000000
1312831502,7.660520000000,1.034697380000
1312831503,7.660510000000,2.190000000000
1312831503,7.657700000000,0.232393530000
1312831503,7.650000000000,78.403691500000
1312831503,7.650000000000,0.139217590000
1312831505,7.749000000000,0.214000000000
1312831528,7.750000000000,2.786000000000
1312831532,7.750000000000,0.212985630000
1312831532,7.750000000000,0.080000000000
1312831649,7.749220000000,0.212985630000
1312831651,7.749960000000,0.207505830000
1312831659,7.670220000000,0.345900000000
1312831659,7.670200000000,15.000000000000
1312831659,7.670100000000,0.080000000000
1312831659,7.670000000000,0.300000000000
1312831659,7.670000000000,0.000199470000
1312831659,7.660800000000,0.180000000000
1312831660,7.660510000000,9.000000000000
1312831660,7.650070000000,1.010000000000
1312831660,7.650000000000,1.233782410000
1312831719,7.749100000000,3.286151980000
1312831767,7.749100000000,1.713848020000
1312831767,7.749100000000,0.080000000000
1312831789,7.749110000000,20.000000000000
1312831831,7.749220000000,3.220000000000
1312831836,7.749230000000,0.400000000000
1312831858,7.749230000000,2.000000000000
1312831867,7.749230000000,8.822445800000
1312831867,7.749110000000,1.177554200000
1312831928,7.749980000000,0.800000000000
1312832028,7.749110000000,0.028597780000
1312832065,7.749110000000,0.029809360000
1312832081,7.749000000000,5.000000000000
1312832171,7.749000000000,0.300000000000
1312832171,7.749000000000,0.700000000000
1312832173,7.710020000000,0.334300000000
1312832173,7.710000000000,20.000000000000
1312832173,7.700100000000,0.300000000000
1312832262,7.700000000000,0.080000000000
1312832263,7.700000000000,52.146700000000
1312832358,7.749110000000,1.135164680000
1312832381,7.749980000000,1.200000000000
1312832382,7.750000000000,11.519824370000
1312832409,7.750000000000,73.000000000000
1312832421,7.762700000000,0.080000000000
1312832421,7.762820000000,0.080000000000
1312832421,7.769890000000,0.640000000000
1312832427,7.750000000000,14.280175630000
1312832427,7.749120000000,14.492199170000
1312832497,7.769800000000,0.800000000000
1312832552,7.769800000000,0.800000000000
1312832572,7.750000000000,0.029719930000
1312832629,7.769800000000,15.376475580000
1312832762,7.750000000000,0.270280070000
1312832961,7.749010000000,100.000000000000
1312833104,7.749010000000,7.323524420000
1312833110,7.749010000000,3.769473260000
1312833117,7.769000000000,0.219184290000
1312833152,7.749010000000,0.218526740000
1312833217,7.749990000000,0.800000000000
1312833249,7.749010000000,0.200000000000
1312833263,7.749990000000,0.800000000000
1312833340,7.749010000000,5.070000000000
