1352850743,11.016450000000,17.430297410000
1352850784,11.000010000000,0.230887430000
1352850854,11.016350000000,3.000000000000
1352850854,11.030000000000,5.708155030000
1352850870,11.000010000000,1.868901250000
1352850952,11.016250000000,3.000000000000
1352850952,11.030000000000,5.708182230000
1352850962,11.005010000000,2.000000000000
1352850967,11.030000000000,2.714932130000
1352851022,11.010010000000,2.000000000000
1352851073,11.029900000000,3.000000000000
1352851073,11.030000000000,1.878500000000
1352851084,11.010010000000,4.572711290000
1352851120,11.010010000000,2.500395790000
1352851131,11.010010000000,3.779791790000
1352851131,11.010000000000,0.000367840000
1352851131,11.010000000000,0.792551660000
1352851142,11.010000000000,4.207448340000
1352851143,10.951200000000,0.365262950000
1352851312,11.000000000000,5.000000000000
1352851368,10.951220000000,0.246418960000
1352851449,10.950200000000,0.100000000000
1352851527,10.950200000000,0.290000000000
1352851744,10.999990000000,15.097872730000
1352851744,11.000000000000,13.705140900000
1352851770,11.000000000000,81.294859100000
1352851771,11.050000000000,0.990000000000
1352851771,11.050000000000,40.000000000000
1352851771,11.050000000000,10.070000000000
1352851771,11.050000000000,0.250000000000
1352851771,11.029800000000,8.124992050000
1352851807,11.029790000000,1.000000000000
1352851811,11.029790000000,5.779859810000
1352851871,11.029680000000,0.285335550000
1352852001,10.990000000000,2.000000000000
1352852001,11.028990000000,3.000000000000
1352852001,11.029100000000,2.000000000000
1352852001,11.029800000000,1.875007950000
1352852001,11.029990000000,8.920000000000
1352852001,11.030000000000,25.734937440000
1352852019,11.029990000000,14.797565540000
1352852111,11.029880000000,1.273869940000
1352852111,11.029890000000,3.000000000000
1352852111,11.030000000000,3.037905710000
1352852122,11.029990000000,0.104903270000
1352852122,11.030000000000,35.217387460000
1352852122,11.030000000000,1.900000000000
1352852157,11.039990000000,9.075407790000
1352852157,11.040000000000,6.000000000000
1352852162,11.040010000000,2.000000000000
1352852189,11.040010000000,6.611924260000