1351391177,10.303340000000,2.584506650000
1351391246,10.358090000000,9.450000000000
1351391366,10.303360000000,9.320230120000
1351391368,10.303350000000,0.158039190000
1351391385,10.303350000000,0.883454160000
1351391385,10.303350000000,0.360389490000
1351391403,10.303330000000,0.418044810000
1351391455,10.281440000000,0.049420000000
1351391455,10.270540000000,0.280813810000
1351391456,10.260000000000,4.000000000000
1351391456,10.252130000000,0.234311260000
1351392070,10.343250000000,15.650000000000
1351392240,10.252140000000,0.253020160000
1351392241,10.252130000000,8.746979840000
1351392288,10.343250000000,13.923100000000
1351392294,10.343250000000,0.000473730000
1351392351,10.343250000000,2.755400000000
1351392407,10.343250000000,28.753350680000
1351392408,10.344000000000,3.957205500000
1351392408,10.373760000000,45.923700000000
1351392408,10.374760000000,3.601743070000
1351392581,10.280010000000,0.016000000000
1351392637,10.280030000000,2.000000000000
1351392666,10.280030000000,1.000764260000
1351392679,10.280030000000,0.990756620000
1351392691,10.371730000000,0.749693160000
1351392698,10.371740000000,0.980849050000
1351392712,10.371740000000,0.971040560000
1351392726,10.371740000000,0.961330150000
1351392739,10.371740000000,0.951716850000
1351392753,10.371740000000,0.942199680000
1351392764,10.371740000000,2.000000000000
1351392993,10.399990000000,29.796900000000
1351393164,10.392930000000,10.231470380000
1351393216,10.270690000000,1.000000000000
1351393355,10.398960000000,5.144910640000
1351393409,10.267060000000,0.932777690000
1351393420,10.268080000000,0.923449910000
1351393431,10.269090000000,0.914215410000
1351393442,10.269090000000,0.905073260000
1351393454,10.269090000000,99.976612710000
1351393454,10.254000000000,0.023387290000
1351393515,10.265090000000,1.000000000000
1351393520,10.265090000000,0.729929890000
1351393532,10.265110000000,0.400000000000
1351393552,10.318900000000,20.727869660000
1351393553,10.318910000000,15.840900950000
1351393553,10.318910000000,15.840900950000
1351393556,10.338420000000,8.670520230000
1351393864,10.389990000000,15.750777280000
1351393864,10.390000000000,5.000000000000
1351393875,10.390010000000,5.000000000000
1351393905,10.390010000000,2.672536630000
1351393908,10.390010000000,1.000000000000
1351393912,10.398970000000,0.453322290000
1351393912,10.400000000000,28.546677710000
1351393919,10.390010000000,0.028409090000
1351393921,10.390010000000,10.000000000000
1351393956,10.390010000000,5.792045050000
1351393965,10.390010000000,2.227113860000
1351393969,10.390010000000,0.952342780000
1351393983,10.390010000000,0.022408070000
1351394026,10.390010000000,1.886229080000
1351394030,10.390010000000,0.828538210000
1351394045,10.390010000000,0.019485280000
1351394126,10.390010000000,6.477623800000
1351394228,10.389990000000,0.028873950000
1351394271,10.300010000000,0.386528530000
1351394271,10.300000000000,1.203732570000
1351394293,10.379890000000,2.300000000000
1351394407,10.310010000000,2.151352840000
1351394412,10.310000000000,0.200914230000
1351394421,10.310010000000,0.000074680000
1351394431,10.310000000000,0.521284050000
1351394442,10.310000000000,0.277801720000
1351394468,10.300000000000,5.000000000000
1351394481,10.310000000000,0.726131290000
1351394495,10.310010000000,0.513293200000
1351394514,10.310010000000,0.916405510000
1351394514,10.300000000000,0.915233540000
1351394553,10.348990000000,10.647200000000
1351394553,10.300010000000,0.861066880000
1351394553,10.300000000000,2.881033890000
1351394623,10.271140000000,10.599983470000
1351394623,10.271130000000,6.900016530000
1351394797,10.271150000000,0.087317820000
1351394908,10.339990000000,15.843200000000
1351395019,10.271150000000,0.018525520000
1351395057,10.339980000000,2.000000000000
1351395064,10.280010000000,1.817549520000
1351395068,10.280010000000,1.000000000000
1351395076,10.280010000000,10.000000000000
1351395079,10.280010000000,0.017908000000
1351395088,10.339980000000,2.000000000000
1351395125,10.280010000000,1.460834200000
1351395128,10.280010000000,1.000000000000
1351395140,10.280010000000,0.015300040000
1351395185,10.280010000000,0.627514050000
1351395185,10.280000000000,0.499011000000
1351395189,10.280010000000,0.832500420000
1351395201,10.280010000000,0.014765080000
1351395221,10.339980000000,6.531767030000
1351395221,10.340000000000,10.000000000000
1351395221,10.349000000000,3.451632970000
1351395246,10.340000000000,0.933696430000
1351395250,10.340000000000,0.767551030000
1351395258,10.340000000000,0.508160260000
1351395262,10.340000000000,0.011637270000
1351395308,10.340000000000,0.731014800000
1351395311,10.340000000000,0.583578380000
1351395324,10.340000000000,0.010249340000
1351395326,10.340000000000,5.943217100000
1351395326,10.339990000000,0.030000000000
1351395369,10.283010000000,0.183506160000
1351395369,10.283000000000,0.399622430000
1351395373,10.283000000000,0.444705450000
1351395429,10.283000000000,0.497670090000
1351395433,10.283000000000,0.360174660000
1351395490,10.283000000000,0.422392260000
1351395494,10.283000000000,0.290463440000
1351395551,10.283000000000,0.360072090000
1351395555,10.283000000000,0.237442330000
1351395577,10.283000000000,6.987457250000
1351395577,10.281000000000,6.957460010000
1351395612,10.281010000000,0.013184730000
1351395612,10.281000000000,0.042539990000
1351395613,10.280000000000,0.209280720000
1351395616,10.280000000000,0.155250760000
1351395644,10.339970000000,26.369714290000
1351395644,10.339990000000,47.218282900000
1351395644,10.340000000000,3.792321940000
1351395644,10.349000000000,259.899227230000
1351395645,10.369000000000,45.913300000000
1351395645,10.370000000000,1.000000000000
1351395645,10.379870000000,28.798854280000
1351395645,10.390000000000,50.000000000000
1351395645,10.400000000000,695.421727820000
1351395645,10.400000000000,3.957205500000
1351395645,10.400000000000,40.530148740000
1351395645,10.400000000000,750.119765630000
1351395645,10.400000000000,0.700000000000
1351395645,10.411770000000,23.288681160000
1351395645,10.414180000000,0.406322270000
1351395646,10.420050000000,7.984550000000
1351395646,10.423630000000,89.931200000000
1351395646,10.436960000000,3.000000000000
1351395646,10.437330000000,0.031020000000
1351395646,10.437860000000,1.780130000000
1351395646,10.447410000000,0.013130000000
1351395646,10.458510000000,0.014450000000
1351395649,10.459990000000,0.352208910000
1351395650,10.460000000000,0.010173900000
1351395652,10.460000000000,0.011339630000
1351395653,10.460380000000,0.124050000000
1351395653,10.468740000000,0.031000000000
1351395653,10.469990000000,0.352445880000
1351395653,10.470000000000,100.000000000000
1351395653,10.479270000000,0.189680000000
1351395653,10.479990000000,0.352682930000
1351395653,10.480000000000,0.010166800000
1351395653,10.480000000000,0.020010290000
1351395653,10.480000000000,42.298110460000
1351395654,10.482920000000,0.049335770000
1351395656,10.484260000000,0.056880000000
1351395656,10.485320000000,0.110830000000
1351395657,10.488290000000,0.027655880000
1351395657,10.489990000000,0.352920150000
1351395657,10.490720000000,6.971480930000
1351395657,10.495680000000,0.044970000000
1351395658,10.499720000000,0.010460000000
1351395658,10.499900000000,50.000000000000
1351395658,10.499990000000,0.352446130000
1351395658,10.500000000000,0.010161400000
1351395659,10.500000000000,0.011308270000
1351395659,10.500000000000,1.813662660000
1351395659,10.500000000000,2.906529600000
1351395659,10.500000000000,6.000000000000
1351395660,10.500000000000,0.500000000000
1351395660,10.500000000000,0.700000000000
1351395660,10.500240000000,0.034150000000
1351395661,10.500300000000,0.042160000000
1351395661,10.500830000000,0.023230000000
1351395662,10.502920000000,0.096090000000
1351395662,10.506350000000,25.609588120000
1351395662,10.506780000000,0.311870000000
1351395663,10.509990000000,0.352588630000
1351395663,10.512720000000,0.338100000000
1351395663,10.513230000000,0.160280000000
1351395663,10.519990000000,0.353588480000
1351395663,10.520000000000,0.010159700000
1351395663,10.520000000000,0.020009050000
1351395663,10.525300000000,8.837310000000
1351395663,10.525680000000,0.120850000000
1351395663,10.529990000000,0.353872600000
1351395663,10.531830000000,0.037300000000
1351395663,10.539990000000,0.354252550000
1351395664,10.540000000000,0.010152500000
1351395664,10.540000000000,0.011276060000
1351395664,10.540610000000,0.040520000000
1351395664,10.543290000000,2.445020000000
1351395666,10.549200000000,14.495459370000
1351395666,10.549990000000,0.354442040000
1351395666,10.550000000000,65.695630310000
1351395666,10.552940000000,0.014550000000
1351395666,10.555890000000,0.022948120000
1351395666,10.559990000000,0.354727510000
1351395666,10.560000000000,0.010145500000
1351395666,10.560000000000,0.020012750000
1351395668,10.560000000000,85.629175360000
1351395671,10.460010000000,0.123146480000
1351395672,10.460010000000,0.123146480000
1351395677,10.460010000000,0.387973940000
1351395678,10.460010000000,39.502167770000
1351395708,10.374390000000,11.000000000000
1351395712,10.391110000000,7.500000000000
1351395734,10.374390000000,0.738400000000
1351395737,10.374390000000,0.163240780000
1351395740,10.374390000000,0.119995450000
1351395753,10.374390000000,1.000000000000
1351395787,10.374390000000,1.654692950000
1351395796,10.348800000000,0.020212880000
1351395796,10.348800000000,0.010227280000
1351395797,10.348790000000,0.086605750000
1351395857,10.348790000000,0.097897840000
1351395861,10.348790000000,0.087548680000
1351395994,10.374390000000,0.157152370000
1351396162,10.348790000000,0.085951980000
1351396165,10.348790000000,0.000305980000
1351396165,10.338990000000,0.072651260000
1351396201,10.374000000000,14.000000000000
1351396218,10.374390000000,0.688515060000
1351396226,10.375000000000,0.048832890000
1351396232,10.375000000000,0.052734000000
1351396293,10.342000000000,0.078532430000
1351396775,10.350000000000,0.038818090000
1351396915,10.409990000000,3.000000000000
1351397019,10.350000000000,0.035994950000
1351397115,10.409990000000,9.222892620000
1351397170,10.409990000000,8.695652170000
1351397255,10.409990000000,14.516619180000
1351397358,10.409990000000,8.836486140000
1351397358,10.409990000000,4.993513860000
1351397831,10.409980000000,0.028818500000
1351398264,10.350000000000,0.925186960000
1351398264,10.346130000000,0.884813040000
1351398347,10.346340000000,53.700000000000
1351398899,10.409970000000,0.585150580000
1351398967,10.350790000000,0.077818500000
1351399050,10.400000000000,26.210000000000
1351399050,10.409980000000,9.971181500000
1351399050,10.409990000000,0.371949440000
1351399089,10.351040000000,0.153205170000
1351399169,10.351100000000,0.048692810000
1351399212,10.351100000000,0.301216940000
1351399216,10.351100000000,0.118328230000
1351399335,10.409980000000,0.000284340000
1351399395,10.351120000000,0.294941590000
1351399398,10.351140000000,0.126396070000
1351399412,10.351170000000,0.049707240000
1351399456,10.351280000000,0.221206190000
1351399461,10.351280000000,0.094797050000
1351399467,10.351300000000,1.339285710000
1351399473,10.351310000000,0.037280430000
1351399639,10.351740000000,0.165904640000
1351399643,10.351760000000,0.071097790000
1351399651,10.351760000000,2.216066480000
1351399657,10.351780000000,0.027960320000
1351399699,10.351900000000,0.124428480000
1351399704,10.351920000000,0.053323340000
1351399713,10.351920000000,2.729100830000
1351399717,10.351940000000,0.020970240000
1351399760,10.352040000000,0.093321360000
1351399764,10.352040000000,0.039992500000
1351399773,10.352070000000,4.017737170000
1351399839,10.352200000000,0.015727680000
1351399883,10.352280000000,0.069991020000
1351399887,10.352300000000,0.029994380000
1351399895,10.352320000000,4.629665320000
1351399900,10.352320000000,0.011795760000
1351399943,10.352480000000,0.052493270000
1351399947,10.352490000000,0.022495780000
1351399956,10.352500000000,5.027986810000
1351400005,10.352500000000,0.039369950000
1351400008,10.352500000000,0.016871840000
1351400016,10.352500000000,4.739675230000
1351400036,10.405990000000,1.430000000000
1351400065,10.352500000000,0.029527460000
1351400069,10.352500000000,0.012653880000
1351400077,10.352500000000,2.134504310000
1351400078,10.346340000000,1.565804430000
1351400127,10.346350000000,0.022145600000
1351400139,10.346350000000,1.450763210000
1351400139,10.346340000000,1.442637690000
1351400174,10.346340000000,0.080000000000
1351400177,10.346340000000,2.288434360000
1351400177,10.341570000000,7.033122360000
1351400177,10.340070000000,17.878443280000
1351400214,10.339980000000,0.497000000000
1351400788,10.405970000000,8.695652170000
1351401037,10.339980000000,0.100000000000
1351401124,10.399990000000,17.550769360000
1351401172,10.400000000000,0.100000000000
1351401427,10.405960000000,0.028829630000
1351401597,10.405970000000,7.908755160000
1351401653,10.405960000000,5.371356720000
1351401656,10.405970000000,31.444324550000
1351401668,10.405960000000,12.000000000000
1351401684,10.405960000000,0.483387360000
1351401762,10.405960000000,5.211364440000
1351401956,10.343700000000,0.216748730000
1351401967,10.343690000000,0.589751270000
1351402768,10.405940000000,12.000000000000
1351402869,10.344280000000,5.000000000000
1351402916,10.399990000000,10.314362130000
1351402916,10.400000000000,0.200000000000
1351402931,10.400010000000,5.000000000000
1351402945,10.400010000000,1.816307560000
1351402981,10.400010000000,15.513479910000
1351402981,10.400000000000,0.146520090000
1351402993,10.400000000000,0.016609200000
1351403005,10.400000000000,1.164627200000
1351403043,10.400000000000,11.795748070000
1351403076,10.348750000000,0.146834770000
1351403080,10.348740000000,9.646918360000
1351403116,10.348740000000,111.000000000000
1351403130,10.343700000000,0.100000000000
1351403229,10.348740000000,0.032300000000
1351403605,10.348740000000,12.740188960000
1351403607,10.348740000000,5.107298420000
1351403608,10.348740000000,11.326459490000
1351403608,10.400000000000,0.100000000000
1351403608,10.405900000000,3.469424960000
1351403608,10.405970000000,0.798732580000
1351403609,10.408140000000,27.321141780000
1351403673,10.408130000000,29.987904990000
1351403673,10.409990000000,12.986532240000
1351403718,10.409980000000,1.728857250000
1351403718,10.409990000000,11.163473920000
1351403787,10.343970000000,1.867273710000
1351403791,10.343970000000,0.886976120000
1351403848,10.343970000000,1.738262070000
1351403851,10.343970000000,0.667925340000
1351403909,10.343970000000,1.440927770000
1351403913,10.343970000000,0.555158720000
1351403970,10.343970000000,1.197654250000
1351403973,10.343970000000,0.456776160000
1351404032,10.343770000000,0.914874780000
1351404036,10.343770000000,0.350670870000
1351404092,10.343850000000,0.835862860000
1351404096,10.343850000000,0.371027440000
1351404131,10.399990000000,0.019583970000
1351404131,10.400000000000,0.500000000000
1351404153,10.400010000000,0.935616050000
1351404157,10.400010000000,0.365727050000
1351404214,10.400010000000,0.855211540000
1351404217,10.400010000000,0.299631800000
1351404275,10.400010000000,0.638832720000
1351404278,10.400010000000,0.229949990000
1351404336,10.400010000000,0.482838680000
1351404340,10.400010000000,0.178275830000
1351404402,10.409990000000,4.116632640000
1351404403,10.410000000000,1.000000000000
1351404403,10.410000000000,3.469424960000
1351404403,10.450000000000,0.109594570000
1351404490,10.400010000000,0.337246990000
1351404519,10.400010000000,0.377391150000
1351404522,10.400010000000,0.142620670000
1351404552,10.400010000000,0.240288480000
1351404580,10.400010000000,0.292584150000
1351404584,10.400010000000,0.111949560000
1351404612,10.400010000000,0.172607460000
1351404644,10.400010000000,0.225798640000
1351404650,10.400010000000,0.087713050000
1351404663,10.450000000000,0.570799220000
1351404673,10.400010000000,0.134046220000
1351404702,10.400010000000,0.156342450000
1351404705,10.400010000000,0.063178670000
1351404734,10.400010000000,0.096335820000
1351404763,10.400040000000,0.128656810000
1351404766,10.400040000000,0.052438300000
1351404779,10.400040000000,9.000000000000
1351404795,10.400040000000,0.088056960000
1351404824,10.400070000000,0.118154210000
1351404828,10.400070000000,0.046611820000
1351404856,10.400070000000,0.077086900000
1351404885,10.400070000000,0.106086830000
1351404888,10.400070000000,0.043362440000
1351404898,10.449990000000,3.868573000000
1351404898,10.450000000000,0.744034640000
1351404946,10.400100000000,0.087999030000
1351404950,10.400100000000,0.037849480000
1351405028,10.449990000000,0.028708160000
1351405167,10.400160000000,8.182359090000
1351405167,10.400150000000,4.659000000000
1351405174,10.400140000000,0.136998890000
1351405174,10.400150000000,4.346001110000
1351405178,10.400150000000,0.023639800000
1351405528,10.400190000000,0.065482420000
1351405556,10.400190000000,0.071594600000
1351405556,10.400020000000,0.005883780000
1351405559,10.400020000000,0.032172050000
1351405590,10.400000000000,0.045768030000
1351405617,10.400000000000,0.045857610000
1351405621,10.400000000000,0.019201640000
1351405649,10.400000000000,0.032207130000
1351405677,10.400000000000,0.036781620000
1351405682,10.400000000000,0.016189620000
1351405710,10.400000000000,0.024648320000
1351405738,10.400000000000,0.027348220000
1351405743,10.400000000000,0.012480400000
1351405772,10.400000000000,0.019862230000
1351405800,10.400000000000,0.022088940000
1351405804,10.400000000000,0.010551610000
1351405833,10.400000000000,0.016489400000
1351405861,10.400000000000,0.018337990000
1351405893,10.400000000000,0.013893850000
1351405921,10.400000000000,0.015281660000
1351405954,10.400000000000,0.011064090000
1351405983,10.400000000000,0.012092140000
1351406044,10.400000000000,0.010240190000
1351406217,10.448160000000,10.751300000000
1351406625,10.400000000000,0.010010370000
1351406776,10.400000000000,0.010532770000
1351406791,10.400000000000,0.915000000000
1351407989,10.441980000000,12.140317880000
1351407989,10.441990000000,8.530482120000
1351408017,10.447590000000,8.695652170000
1351408496,10.439890000000,14.670966830000
1351408555,10.439890000000,19.951927440000
1351408555,10.439900000000,0.400000000000
1351408626,10.447590000000,2.526900000000
1351408634,10.447590000000,0.028714730000
1351408651,10.447590000000,14.583800000000
1351408702,10.447590000000,2.500000000000
1351408738,10.447590000000,0.020000000000
1351408778,10.447590000000,4.722505230000
1351408778,10.447600000000,3.180306210000
1351408778,10.448160000000,0.104995220000
1351408778,10.450000000000,4.764738750000
1351408883,10.450000000000,28.206894730000
1351409251,10.356960000000,21.200000000000
1351410213,10.357100000000,0.015000000000
1351410213,10.357100000000,4.200000000000
1351410756,10.357280000000,1.460000000000
1351410996,10.357280000000,4.453000000000
1351411179,10.360070000000,0.168900000000
1351411233,10.360070000000,0.029071720000
1351411630,10.449980000000,8.612440190000
1351411846,10.360190000000,0.340000000000
1351412008,10.360190000000,0.768000000000
1351412051,10.360190000000,10.000000000000
1351412227,10.449980000000,0.028708190000
1351412486,10.358040000000,42.869092910000
1351412486,10.358030000000,0.630907090000
1351412729,10.357020000000,4.860000000000
1351412790,10.444370000000,2.250000000000
1351412868,10.444370000000,0.014975530000
1351412996,10.357020000000,0.450000000000
1351413108,10.444370000000,1.947600000000
1351413338,10.357020000000,3.360000000000
1351413795,10.360000000000,0.024336620000
1351413824,10.360000000000,0.010315560000
1351413857,10.360000000000,0.021031640000
1351413917,10.360000000000,0.015056750000
1351413978,10.360000000000,0.013883490000
1351414039,10.360000000000,0.012587700000
1351414100,10.360000000000,0.011077180000
1351414693,10.439990000000,2.000000000000
1351415149,10.400010000000,0.214661270000
1351415150,10.400010000000,0.590000000000
1351415150,10.400010000000,1.100000000000
1351415243,10.439990000000,5.929719750000
1351415243,10.444400000000,2.690969910000
1351415283,10.400050000000,6.900000000000
1351415420,10.444400000000,0.356823540000
1351415420,10.444390000000,4.538285880000
1351415420,10.449000000000,1.308976110000
1351415504,10.361070000000,7.939745690000
1351415504,10.361060000000,0.730254310000
1351415829,10.448990000000,0.028710910000
1351416296,10.360000000000,0.012034460000
1351416327,10.360000000000,1.450026060000
1351416327,10.360000000000,10.549973940000
1351416379,10.360000000000,7.181531950000
1351416442,10.360020000000,2.000000000000
1351416470,10.360020000000,0.158310030000
1351416479,10.360020000000,0.010251580000
1351416487,10.448990000000,0.380000000000
1351416509,10.360020000000,0.757720000000
1351416598,10.360020000000,0.240000000000
1351416745,10.448990000000,4.000000000000
1351416856,10.360020000000,0.010000000000
1351417212,10.400100000000,0.010526180000
1351417220,10.448950000000,1.530000000000
1351417241,10.400100000000,0.010950370000
1351417265,10.400130000000,5.632658350000
1351417265,10.400120000000,2.200286700000
1351417461,10.400160000000,0.133335680000
1351417548,10.400150000000,0.220000000000
1351417893,10.400000000000,2.840000000000
1351418129,10.400000000000,1.000000000000
1351418857,10.400150000000,8.687258690000
1351418943,10.400150000000,10.000000000000
1351418964,10.400150000000,5.522000000000
1351418969,10.400150000000,5.257405630000
1351419130,10.419990000000,0.977900000000
1351419419,10.400020000000,0.020700000000
1351419433,10.419990000000,0.028790810000
1351420133,10.400000000000,1.400000000000
1351420284,10.419990000000,1.928060030000
1351420284,10.420000000000,2.294539970000
1351420358,10.400010000000,2.000000000000
1351420438,10.400010000000,0.700000000000
1351420626,10.419990000000,0.024886780000
1351420859,10.400010000000,0.126692310000
1351420859,10.400000000000,7.623785050000
1351421309,10.400010000000,0.022441900000
1351421310,10.400000000000,2.009280190000
1351421379,10.400000000000,1.922489880000
1351421412,10.400000000000,0.010000000000
1351421527,10.400000000000,50.000000000000
1351421616,10.400020000000,3.304000000000
1351421616,10.400000000000,33.194444880000
1351421616,10.400000000000,0.394279800000
1351421616,10.361000000000,13.107275320000
1351421789,10.361030000000,0.174327640000
1351421789,10.360020000000,6.256000000000
1351421789,10.360000000000,6.397672360000
1351421886,10.360020000000,0.289600000000
1351422318,10.360020000000,1.000000000000
1351422471,10.399990000000,8.687258690000
1351422600,10.399990000000,2.962198530000
1351422600,10.400000000000,2.000000000000
1351422600,10.420000000000,4.455460030000
1351422600,10.420000000000,2.920802060000
1351422601,10.435580000000,0.024629300000
1351422601,10.446990000000,30.487857550000
1351422642,10.360080000000,1.058757130000
1351422658,10.360100000000,5.000000000000
1351423010,10.360110000000,7.150000000000
1351423026,10.360110000000,1.070245990000
1351423028,10.446980000000,0.028716430000
1351423152,10.360110000000,3.680890180000
1351423260,10.360100000000,0.397267430000
1351423273,10.360120000000,0.218717280000
1351423273,10.360110000000,3.293048040000
1351423273,10.360050000000,5.815000000000
1351423273,10.360000000000,0.673234680000
1351423291,10.360110000000,11.540000000000
1351423300,10.360100000000,4.418000000000
1351423305,10.360100000000,4.207000000000
1351423310,10.360100000000,1.392283400000
1351423641,10.409990000000,0.504157700000
1351423918,10.409990000000,6.936661800000
1351424113,10.409990000000,2.500000000000
1351424211,10.360020000000,0.107303770000
1351424236,10.409990000000,3.689200000000
1351424418,10.409990000000,0.154776320000
1351424568,10.360020000000,4.551000000000
1351424568,10.360000000000,9.636618720000
1351424575,10.359990000000,4.307000000000
1351424581,10.359990000000,4.079000000000
1351424592,10.359990000000,11.000000000000
1351424614,10.359990000000,11.000000000000
1351424635,10.359990000000,7.443284210000
1351424747,10.359990000000,8.084000000000
1351424753,10.359990000000,7.278000000000
1351424754,10.358010000000,13.600870910000
1351424758,10.358010000000,6.552000000000
1351424764,10.358010000000,5.898000000000
1351424769,10.358010000000,5.308000000000
1351424805,10.358010000000,0.878110560000
1351424856,10.358010000000,11.000000000000
1351424865,10.358010000000,0.459010110000
1351424877,10.358010000000,11.000000000000
1351424879,10.358010000000,4.780000000000
1351424883,10.358010000000,4.304000000000
1351424888,10.358010000000,3.874000000000
1351424894,10.358010000000,3.486000000000
1351424897,10.358010000000,6.705320800000
1351424899,10.358010000000,3.138000000000
1351424902,10.358000000000,1.000000000000
1351424903,10.357990000000,0.217069740000
1351424903,10.358000000000,0.040000000000
1351424903,10.358010000000,2.568930260000
1351424908,10.358010000000,2.544000000000
1351424913,10.358010000000,2.290000000000
1351424918,10.358010000000,2.060000000000
1351424927,10.358010000000,0.242044680000
1351424935,10.358010000000,1.855000000000
1351424939,10.358010000000,1.669000000000
1351424944,10.358010000000,1.503000000000
1351424961,10.358010000000,1.353000000000
1351424977,10.358010000000,2.931712680000
1351424978,10.359990000000,32.621097070000
1351425092,10.360000000000,0.490000000000
1351425255,10.360000000000,3.000000000000
1351425396,10.360000000000,3.561846520000
1351425396,10.360000000000,3.000000000000
1351425490,10.359990000000,0.186572340000
1351425520,10.360000000000,3.623606390000
1351425684,10.360000000000,2.000000000000
1351425991,10.409990000000,11.173353680000
1351426031,10.409990000000,3.899396870000
1351426031,10.410000000000,0.300000000000
1351426031,10.410000000000,2.799101970000
1351426031,10.436880000000,6.032704470000
1351426031,10.437920000000,45.911300000000
1351426032,10.438920000000,0.014777580000
1351426032,10.447990000000,29.221291140000
1351426032,10.449000000000,0.056615360000
1351426032,10.449000000000,2.920802060000
1351426032,10.450000000000,3.047793450000
1351426032,10.450000000000,4.045000000000
1351426032,10.450000000000,66.000000000000
1351426032,10.455690000000,0.014777580000
1351426032,10.468730000000,0.029960000000
1351426032,10.471000000000,10.392377000000
1351426032,10.472980000000,0.229450000000
1351426032,10.476470000000,0.014777580000
1351426032,10.479270000000,0.194460000000
1351426032,10.485430000000,0.611356540000
1351426032,10.488880000000,25.000000000000
1351426033,10.488980000000,92.484790700000
1351426085,10.437910000000,8.687258690000
1351426269,10.364140000000,0.036670270000
1351426628,10.400000000000,0.028741390000
1351426723,10.365100000000,0.580000000000
1351426809,10.365100000000,0.010000000000
1351426822,10.365100000000,0.029890000000
1351426839,10.365100000000,0.010000000000
1351426879,10.365100000000,0.175202400000
1351426941,10.365100000000,0.179694760000
1351426992,10.365100000000,0.012510000000
1351427000,10.365100000000,0.150854860000
1351427062,10.365100000000,0.129044520000
1351427123,10.365100000000,0.110826470000
1351427184,10.365100000000,0.097788060000
1351427208,10.400000000000,0.990758610000
1351427282,10.400010000000,0.070860190000
1351427500,10.444980000000,2.764702680000
1351427733,10.405010000000,0.141380340000
1351427794,10.405010000000,0.105719670000
1351427994,10.405010000000,3.000000000000
1351428040,10.405010000000,0.098493260000
1351428070,10.405010000000,0.010760090000
1351428099,10.405010000000,0.076605870000
1351428160,10.405010000000,0.060724170000
1351428221,10.405000000000,0.053902300000
1351428282,10.405010000000,0.042845420000
1351428343,10.405010000000,0.036975310000
1351428404,10.405010000000,0.029191040000
1351428464,10.405010000000,0.021893280000
1351428526,10.405010000000,0.016419960000
1351428587,10.405010000000,0.012314970000
1351428942,10.405010000000,2.000000000000
1351428981,10.445000000000,2.100000000000
1351429291,10.405010000000,0.080000000000
1351429362,10.445000000000,0.078000000000
1351429533,10.405010000000,1.220000000000
1351429589,10.445000000000,12.822000000000
1351429589,10.445000000000,2.433781250000
1351429702,10.445500000000,8.687258690000
1351429707,10.445500000000,91.312741310000
1351429725,10.446500000000,27.000000000000
1351429779,10.479990000000,28.190068760000
1351429804,10.480000000000,2.210000000000
1351429804,10.480000000000,0.448393880000
1351429804,10.480000000000,0.298929260000
1351429805,10.488880000000,25.000000000000
1351429805,10.488980000000,21.752676860000
1351429861,10.479990000000,38.809931240000
1351430062,10.472500000000,0.758400000000
1351430119,10.472500000000,0.000025780000
1351430229,10.472500000000,0.028646460000
1351430432,10.460000000000,1.000000000000
1351430485,10.459990000000,1.000000000000
1351430537,10.459990000000,21.669634010000
1351430924,10.459990000000,26.330365990000
1351430941,10.460000000000,8.603000000000
1351430973,10.472500000000,2.824452770000
1351430980,10.472510000000,0.145886100000
1351430981,10.472510000000,0.443086470000
1351431004,10.488970000000,0.627583910000
1351431004,10.488980000000,4.272416090000
1351431023,10.488980000000,55.000000000000
1351431126,10.488980000000,0.000470970000
1351431138,10.488980000000,11.917269360000
1351431159,10.488980000000,122.000000000000
1351431164,10.472510000000,1.586574660000
1351431181,10.472500000000,0.413425340000
1351431215,10.488980000000,8.000000000000
1351431228,10.488980000000,17.287089020000
1351431292,10.488990000000,0.010000000000
1351431332,10.489990000000,1.191374880000
1351431332,10.490000000000,3.808625120000
1351431394,10.490000000000,25.191374880000
1351431429,10.488990000000,9.730274330000
1351431487,10.497310000000,5.000000000000
1351431492,10.497310000000,3.938493380000
1351431493,10.497310000000,2.000000000000
1351431499,10.497320000000,0.096240000000
1351431568,10.498870000000,1.291047230000
1351431593,10.498880000000,0.110690000000
1351431593,10.499980000000,203.580579200000
1351431680,10.473000000000,1.001850480000
1351431759,10.473000000000,0.010000000000
1351431785,10.499970000000,0.010653360000
1351431803,10.473000000000,1.032202380000
1351432310,10.473000000000,4.000000000000
1351432773,10.473000000000,20.000000000000
1351432783,10.473000000000,2.950000000000
1351433039,10.474000000000,5.442000000000
1351433307,10.473000000000,1.005947140000
1351433307,10.450000000000,1.000000000000
1351433308,10.412500000000,2.994052860000
1351433320,10.473500000000,4.000000000000
1351433320,10.499980000000,4.687258690000
1351433396,10.412560000000,0.404053610000
1351433557,10.420000000000,0.326300000000
1351433827,10.420000000000,0.028790790000
1351433851,10.414990000000,0.200000000000
1351434091,10.420000000000,4.644909210000
1351434137,10.420020000000,10.000000000000
1351434327,10.420020000000,25.000000000000
1351434364,10.420020000000,23.510941930000
1351434364,10.420010000000,0.355090790000
1351434372,10.420000000000,0.572755080000
1351434372,10.420010000000,72.103167280000
1351434380,10.498960000000,3.497494030000
1351434428,10.425010000000,0.120000000000
1351434834,10.499970000000,10.972400000000
1351435071,10.499980000000,2.839655040000
1351435371,10.499970000000,4.061991470000
1351435371,10.499980000000,75.938008530000
1351435616,10.480000000000,2.200000000000
1351435676,10.490010000000,0.029633870000
1351436021,10.499980000000,12.954498540000
1351436022,10.500000000000,0.099400000000
1351436022,10.500000000000,0.700000000000
1351436022,10.500000000000,99.990000000000
1351436022,10.500000000000,2.332373690000
1351436022,10.500000000000,2.332373690000
1351436022,10.500000000000,1.000000000000
1351436022,10.500230000000,0.033150000000
1351436023,10.500830000000,0.022180000000
1351436047,10.509260000000,0.044920000000
1351436067,10.512720000000,0.010000000000
1351436087,10.512720000000,0.010000000000
1351436090,10.512720000000,0.318100000000
1351436096,10.523370000000,0.010000000000
1351436098,10.512740000000,0.010650540000
1351436102,10.512740000000,0.840200000000
1351436108,10.523370000000,0.010000000000
1351436109,10.523370000000,0.150000000000
1351436155,10.523370000000,0.074635780000
1351436194,10.512740000000,1.319002860000
1351436229,10.512740000000,12.372119440000
1351436229,10.505000000000,18.781661580000
1351436253,10.505010000000,0.018548640000
1351436253,10.505000000000,56.163008420000
1351436270,10.490010000000,0.021823610000
1351436275,10.490000000000,1.006798190000
1351436282,10.490010000000,0.021010630000
1351436282,10.490000000000,0.062783820000
1351436286,10.523360000000,7.823315300000
1351436286,10.523370000000,25.021304010000
1351436308,10.523360000000,0.010000000000
1351436324,10.490010000000,4.000000000000
1351436342,10.490010000000,0.059755060000
1351436373,10.490010000000,2.000000000000
1351436381,10.490010000000,1.775983070000
1351436381,10.490000000000,68.224016930000
1351436404,10.523360000000,0.011061550000
1351436404,10.523370000000,4.734060210000
1351436405,10.523370000000,0.040401320000
1351436424,10.523370000000,16.015269240000
1351436445,10.523370000000,1.199207680000
1351436469,10.490000000000,0.031383170000
1351436471,10.490000000000,2.829200000000
1351436483,10.490000000000,2.845817890000
1351436501,10.489990000000,10.000000000000
1351436529,10.427410000000,0.022292870000
1351436547,10.427470000000,1.139602110000
1351436590,10.427570000000,0.019887170000
1351436626,10.489990000000,0.075497680000
1351436652,10.427710000000,0.018283360000
1351436715,10.427830000000,0.014033820000
1351436773,10.427970000000,0.010944220000
1351436869,10.428190000000,9.053552580000
1351436869,10.428180000000,12.795447420000
1351436907,10.489960000000,18.248807050000
1351436908,10.489970000000,0.012000000000
1351436934,10.490000000000,2.812000000000
1351436934,10.490000000000,5.759428570000
1351436935,10.490000000000,0.953300000000
1351436948,10.489980000000,18.000000000000
1351437020,10.489980000000,0.035721620000
1351437104,10.489950000000,0.000735940000
1351437179,10.489940000000,8.436929240000
1351437190,10.489950000000,1.287271430000
1351437273,10.489950000000,9.000000000000
1351437274,10.489970000000,0.452147330000
1351437285,10.509990000000,0.043972440000
1351437428,10.509980000000,0.028544300000
1351437549,10.509980000000,10.000000000000
1351437738,10.455320000000,8.662179650000
1351437738,10.455310000000,17.337820350000
1351437768,10.455320000000,0.100273050000
1351437897,10.460010000000,0.230000000000
1351438296,10.460010000000,0.080300000000
1351438589,10.508890000000,0.090514790000
1351438701,10.460040000000,1.000000000000
1351438831,10.460040000000,0.370000000000
1351438892,10.460040000000,3.000000000000
1351439205,10.460010000000,5.218557840000
1351439205,10.460000000000,2.113758440000
1351439414,10.460010000000,0.089149410000
1351439415,10.460000000000,45.687341560000
1351439415,10.455310000000,23.117429650000
1351439553,10.499990000000,14.814872200000
1351439634,10.499990000000,0.040355270000
1351439708,10.498990000000,9.781482840000
1351439708,10.499000000000,4.487853660000
1351439717,10.499000000000,1.426933650000
1351439722,10.499000000000,9.293462230000
1351439750,10.499000000000,1.852704060000
1351439763,10.499000000000,0.479875100000
1351439932,10.499000000000,2.459171300000
1351439932,10.499990000000,15.779073450000
1351440015,10.499980000000,0.830995070000
1351440016,10.499990000000,1.073769590000
1351440117,10.440020000000,0.112138530000
1351440117,10.440010000000,0.357494660000
1351440129,10.440020000000,0.136821110000
1351440150,10.440020000000,1.000000000000
1351440178,10.440020000000,0.352224890000
1351440190,10.440020000000,0.088596210000
1351440211,10.440020000000,1.000000000000
1351440238,10.440020000000,0.223362120000
1351440251,10.440020000000,0.056423060000
1351440272,10.440020000000,1.000000000000
1351440299,10.440020000000,0.162597570000
1351440312,10.440020000000,0.036558410000
1351440333,10.440020000000,1.000000000000
1351440334,10.440020000000,0.470000000000
1351440351,10.440020000000,1.000000000000
1351440360,10.440020000000,0.098957950000
1351440385,10.440020000000,0.024412560000
1351440390,10.488980000000,10.070126200000
1351440390,10.499980000000,0.120651620000
1351440390,10.499990000000,23.762124980000
1351440392,10.500000000000,18.635468450000
1351440393,10.499990000000,0.754286930000
1351440421,10.499990000000,0.082996990000
1351440434,10.499990000000,0.019697630000
1351440443,10.499990000000,56.000000000000
1351440454,10.499990000000,0.516091060000
1351440462,10.499990000000,48.000000000000
1351440482,10.499990000000,0.050831040000
1351440495,10.499990000000,0.010281200000
1351440515,10.499990000000,0.351721970000
1351440543,10.499990000000,0.035316850000
1351440547,10.500000000000,8.571428570000
1351440577,10.499990000000,0.352956090000
1351440605,10.499990000000,0.035148680000
1351440619,10.499990000000,0.010502310000
1351440627,10.500000000000,0.044860950000
1351440637,10.499990000000,0.313400660000
1351440647,10.499990000000,8.378165790000
1351440857,10.460010000000,0.209978880000
1351440881,10.460000000000,0.794787940000
1351440881,10.460010000000,2.480021120000
1351440882,10.500000000000,2.465558480000
1351441027,10.499990000000,0.028571460000
1351441111,10.499990000000,16.892926900000
1351441111,10.500000000000,20.941799510000
1351441159,10.500010000000,17.000000000000
1351441336,10.500010000000,0.034547850000
1351441369,10.500010000000,0.591501480000
1351441369,10.500000000000,0.161512540000
1351441397,10.500000000000,0.023159350000
1351441431,10.500000000000,0.361601700000
1351441431,10.460000000000,0.101416630000
1351441458,10.460010000000,0.010774130000
1351441491,10.460010000000,0.087529980000
1351441491,10.460000000000,0.203167610000
1351441650,10.501990000000,0.027905240000
1351441650,10.502000000000,2.138009220000
1351441650,10.509000000000,12.018908460000
1351441716,10.460010000000,0.063378390000
1351441716,10.460000000000,0.102621610000
1351441746,10.508990000000,0.010569040000
1351442167,10.508990000000,1.078049050000
1351442312,10.460000000000,0.055000000000
1351442453,10.508990000000,2.466765120000
1351442495,10.490010000000,0.011176900000
1351442654,10.490010000000,2.290000000000
1351442735,10.490010000000,1.143870830000
1351442735,10.490000000000,0.856129170000
1351442769,10.490000000000,31.950697700000
1351442861,10.490000000000,1.187000000000
1351442975,10.508990000000,0.380000000000
1351443019,10.490000000000,0.194453120000
1351443044,10.490000000000,2.342570750000
1351443079,10.508990000000,2.163214830000
1351443079,10.509000000000,2.048925500000
1351443079,10.510000000000,0.100000000000
1351443079,10.529000000000,1.000000000000
1351443079,10.529880000000,12.106586690000
1351443363,10.490010000000,2.500000000000
1351443442,10.529870000000,8.596613290000
1351443442,10.529880000000,0.034525660000
1351443455,10.529890000000,0.033800000000
1351443472,10.529890000000,0.014039280000
1351443504,10.529890000000,0.231415280000
1351443533,10.529890000000,0.013036470000
1351443566,10.529890000000,0.221931050000
1351443594,10.529890000000,0.012221690000
1351443600,10.529890000000,8.095639540000
1351443600,10.529880000000,9.368861050000
1351443640,10.529790000000,1.000000000000
1351443922,10.529790000000,10.071854510000
1351443944,10.529960000000,8.164162060000
1351444064,10.529950000000,0.083592190000
1351444064,10.529960000000,8.941337350000
1351444064,10.530000000000,30.684103440000
1351444081,10.490010000000,3.010000000000
1351444136,10.529990000000,0.022350000000
1351444136,10.530000000000,4.977650000000
1351444163,10.529990000000,3.010000000000
1351444163,10.530000000000,5.561428570000
1351444228,10.530000000000,58.776817990000
1351444228,10.530000000000,100.000000000000
1351444231,10.530010000000,0.118450000000
1351444260,10.530010000000,2.070000000000
1351444265,10.530010000000,0.013805990000
1351444298,10.530010000000,0.158394340000
1351444359,10.530010000000,0.154562220000
1351444420,10.530010000000,0.148428800000
1351444448,10.530010000000,0.012735760000
1351444481,10.530010000000,0.191671830000
1351444542,10.530010000000,0.139226190000
1351444545,10.530010000000,0.200588490000
1351444603,10.530010000000,0.181249850000
1351444632,10.531830000000,0.028485080000
1351444634,10.530010000000,0.010324000000
1351444659,10.530010000000,3.347194740000
1351444674,10.530010000000,0.200000000000
1351444700,10.530010000000,4.236762730000
1351444700,10.530000000000,1.352937270000
1351444719,10.531820000000,0.023230120000
1351444719,10.531830000000,0.007844920000
1351444738,10.531830000000,8.692000000000
1351444738,10.540600000000,0.644237640000
1351444738,10.540610000000,0.039750000000
1351444750,10.543290000000,2.117400000000
1351444761,10.543300000000,76.999900000000
1351444764,10.543990000000,0.059643930000
1351444765,10.544000000000,0.248750000000
1351444778,10.549960000000,1.089331540000
1351444778,10.549970000000,0.522637050000
1351444778,10.549990000000,6.494366320000
1351444786,10.550000000000,0.374335040000
1351444809,10.551970000000,0.082404740000
1351444814,10.551970000000,0.021627650000
1351444820,10.551990000000,6.994440190000
1351444837,10.552930000000,0.224712810000
1351444838,10.552940000000,0.015880000000
1351444849,10.554000000000,0.598457290000
1351444863,10.554000000000,48.241849900000
1351444863,10.552000000000,0.032243170000
1351444863,10.491000000000,45.971900000000
1351444863,10.490000000000,19.753506930000
1351445011,10.490010000000,0.014333430000
1351445030,10.490010000000,0.615578650000
1351445058,10.490010000000,0.025246670000
1351445070,10.490010000000,0.014003250000
1351445091,10.490010000000,0.557351300000
1351445119,10.490010000000,0.024196660000
1351445133,10.490010000000,0.012142670000
1351445152,10.490010000000,0.479400070000
1351445180,10.490010000000,0.020358570000
1351445193,10.490010000000,0.010312960000
1351445213,10.490010000000,0.403878140000
1351445263,10.553610000000,8.642492940000
1351445274,10.510010000000,0.051809170000
1351445274,10.510000000000,0.326417250000
1351445281,10.550000000000,10.000000000000
1351445302,10.510010000000,0.017631170000
1351445305,10.510010000000,1.000000000000
1351445335,10.510010000000,0.286914680000
1351445363,10.510010000000,0.013497540000
1351445396,10.510010000000,0.245658980000
1351445424,10.510010000000,0.011494680000
1351445457,10.510010000000,0.210791250000
1351445518,10.510010000000,0.183592380000
1351445563,10.510010000000,1.000000000000
1351445579,10.510010000000,0.158878020000
1351445639,10.549990000000,2.603466940000
1351445639,10.555000000000,3.320000000000
1351445639,10.556150000000,0.220000000000
1351445639,10.559980000000,0.633840310000
1351445639,10.559990000000,0.354762600000
1351445640,10.560000000000,0.010146900000
1351445641,10.560000000000,0.020013150000
1351445641,10.560000000000,1.000000000000
1351445641,10.561940000000,0.107930000000
1351445641,10.563520000000,0.040440000000
1351445641,10.564000000000,0.248750000000
1351445641,10.564150000000,0.031300000000
1351445641,10.566060000000,0.063190000000
1351445641,10.566060000000,0.185190000000
1351445642,10.566310000000,0.023350000000
1351445642,10.567100000000,0.107880000000
1351445642,10.569110000000,1.942044310000
1351445643,10.510010000000,0.137626820000
1351445701,10.510010000000,0.114821350000
1351445763,10.510010000000,0.104141180000
1351445775,10.510010000000,7.876331620000
1351445776,10.510000000000,45.123668380000
1351445776,10.510000000000,14.549914370000
1351445777,10.491000000000,3.419521280000
1351445884,10.490000000000,0.081937490000
1351445910,10.548990000000,14.000000000000
1351445945,10.490000000000,0.072207420000
1351445962,10.548990000000,9.691999830000
1351445962,10.549000000000,7.308000170000
1351446044,10.548990000000,0.859424160000
1351446045,10.549000000000,40.869912830000
1351446045,10.549000000000,0.739163010000
1351446243,10.549000000000,0.421214660000
1351446324,10.549000000000,11.000000000000
1351446591,10.530000000000,6.837600000000
1351446725,10.530000000000,7.162400000000
1351446725,10.544000000000,0.827500000000
1351446725,10.548000000000,10.385236150000
1351446732,10.548000000000,6.077900000000
1351446732,10.548000000000,3.536863850000
1351446754,10.548020000000,24.361131410000
1351446754,10.548010000000,2.638868590000
1351446766,10.548010000000,0.010455270000
1351446767,10.548010000000,0.336000000000
1351446799,10.548010000000,0.077863950000
1351446805,10.548010000000,0.520153660000
1351446821,10.548010000000,2.359794680000
1351446821,10.491000000000,4.440205320000
1351446841,10.548990000000,8.417800000000
1351446860,10.491010000000,0.000020280000
1351446982,10.500010000000,0.065800520000
1351446996,10.500010000000,2.800000000000
1351447044,10.500010000000,0.059996030000
1351447063,10.548970000000,8.312052930000
1351447104,10.548990000000,0.049668140000
1351447116,10.549000000000,10.000000000000
1351447132,10.548990000000,0.010328280000
1351447145,10.549000000000,15.500000000000
1351447165,10.548990000000,0.049352970000
1351447183,10.548990000000,2.000000000000
1351447205,10.549000000000,15.000000000000
1351447206,10.548990000000,0.010340100000
1351447226,10.548990000000,0.044492450000
1351447264,10.549000000000,7.170133660000
1351447278,10.549000000000,27.304009850000
1351447287,10.548990000000,0.040301130000
1351447316,10.549000000000,0.040907190000
1351447348,10.549000000000,10.880600000000
1351447348,10.548990000000,0.033241070000
1351447381,10.549000000000,1.396955940000
1351447382,10.549000000000,0.389069100000
1351447409,10.548990000000,0.027577780000
1351447470,10.548990000000,0.021413340000
1351447511,10.548990000000,10.000000000000
1351447531,10.548990000000,0.016654820000
1351447592,10.548990000000,0.014083120000
1351447653,10.548990000000,0.011701410000
1351447693,10.548990000000,1.000000000000
1351447777,10.549000000000,1.649059420000
1351447777,10.549000000000,0.100000000000
1351447777,10.550000000000,6.822369150000
1351447936,10.548990000000,0.481666110000
1351448206,10.548970000000,0.103447150000
1351448227,10.548970000000,0.028438800000
1351448553,10.510010000000,0.083729290000
1351448553,10.510000000000,8.106270710000
1351448724,10.547970000000,0.010000000000
1351448779,10.547970000000,0.010000000000
1351448966,10.510010000000,0.118041030000
1351448966,10.510000000000,3.810291330000
1351448970,10.539890000000,0.010000000000
1351449299,10.510000000000,28.083437960000
1351449299,10.510000000000,18.976714550000
1351449368,10.500000000000,27.431400000000
1351449378,10.490000000000,33.561497420000
1351449390,10.489980000000,1.747914940000
1351449390,10.489990000000,0.055805060000
1351449399,10.474410000000,1.723117780000
1351449399,10.474410000000,5.276882220000
1351449402,10.489990000000,0.412267880000
1351449422,10.489980000000,2.817332340000
1351449422,10.489990000000,6.302699040000
1351449427,10.489990000000,9.667730600000
1351449427,10.499990000000,22.568600000000
1351449427,10.538890000000,34.850848610000
1351449507,10.470130000000,0.200000000000
1351450103,10.510000000000,2.000000000000
1351450103,10.510000000000,1.953206500000
1351450134,10.539880000000,0.028691370000
1351450172,10.510010000000,3.000400000000
1351450319,10.539880000000,0.019948420000
1351450361,10.539880000000,10.931054240000
1351450364,10.539880000000,3.104533580000
1351450364,10.539890000000,1.600000000000
1351450364,10.540000000000,1.000000000000
1351450364,10.540000000000,1.136006640000
1351450406,10.540000000000,5.991993360000
1351450406,10.547980000000,2.042865690000
1351450406,10.548980000000,0.518333890000
1351450406,10.549990000000,1.500000000000
1351450406,10.550000000000,15.946807060000
1351450426,10.510010000000,0.194705600000
1351450459,10.510010000000,1.000000000000
1351450487,10.510010000000,0.140850860000
1351450495,10.549980000000,0.721698050000
1351450506,10.510010000000,0.048953950000
1351450520,10.510010000000,0.838060290000
1351450542,10.510010000000,1.786222800000
1351450670,10.500000000000,0.224911910000
1351450683,10.500000000000,0.042959370000
1351450703,10.500000000000,1.601304170000
1351450744,10.500000000000,0.017062130000
1351450764,10.500000000000,0.204422130000
1351450776,10.500000000000,3.000000000000
1351450826,10.500000000000,0.021981080000
1351450914,10.500000000000,0.101046960000
1351451182,10.500000000000,3.000089450000
1351451219,10.549690000000,0.189579030000
1351451230,10.549690000000,0.349393080000
1351451230,10.549700000000,1.030000000000
1351451230,10.549700000000,15.872306920000
1351451230,10.500020000000,15.127693080000
1351451245,10.500020000000,0.850000000000
1351451246,10.500020000000,0.716000000000
1351451338,10.549970000000,4.644600000000
1351451338,10.549970000000,0.000019760000
1351451391,10.549970000000,8.563273070000
1351451469,10.500020000000,0.698085590000
1351451469,10.500010000000,1.761810550000
1351451470,10.495800000000,0.130000000000
1351451470,10.473060000000,8.410103860000
1351451471,10.549970000000,5.460299880000
1351451828,10.540000000000,0.028463000000
1351451843,10.540000000000,8.653600000000
1351451846,10.474250000000,1.000000000000
1351452006,10.540000000000,3.495883470000
1351452006,10.540010000000,1.026258660000
1351452045,10.540020000000,25.256838590000
1351452045,10.540010000000,14.743161410000
1351452066,10.546650000000,0.306181520000
1351452066,10.546660000000,6.385230010000
1351452184,10.529990000000,16.498347380000
1351452184,10.546660000000,16.011508880000
1351452209,10.546650000000,12.930000000000
1351452535,10.480700000000,0.010000000000
1351453063,10.530000000000,1.000000000000
1351453074,10.530020000000,0.100000000000
1351453094,10.539000000000,0.339555140000
1351453110,10.530020000000,0.459537470000
1351453124,10.530020000000,0.079116530000
1351453138,10.530020000000,2.000000000000
1351453144,10.530020000000,1.000000000000
1351453154,10.530020000000,4.000000000000
1351453166,10.530020000000,2.000000000000
1351453167,10.539000000000,1.170444860000
1351453172,10.539010000000,0.344653110000
1351453172,10.539010000000,2.000000000000
1351453182,10.539010000000,2.000000000000
1351453185,10.539010000000,0.067249050000
1351453195,10.539010000000,2.000000000000
1351453204,10.539010000000,0.796952980000
1351453204,10.530010000000,0.203047020000
1351453216,10.540000000000,2.000000000000
1351453236,10.540010000000,0.258489830000
1351453246,10.540010000000,0.057161690000
1351453266,10.540010000000,1.000000000000
1351453293,10.540010000000,5.774348480000
1351453294,10.530010000000,0.193867370000
1351453314,10.530020000000,0.048587440000
1351453315,10.530020000000,0.500000000000
1351453316,10.530020000000,2.170000000000
1351453331,10.530020000000,1.000000000000
1351453355,10.530020000000,0.145400530000
1351453368,10.530020000000,0.041299320000
1351453381,10.530020000000,13.000000000000
1351453388,10.530020000000,1.000000000000
1351453395,10.541000000000,0.270000000000
1351453396,10.541000000000,1.038489560000
1351453415,10.541020000000,0.109050400000
1351453429,10.541020000000,0.035104420000
1351453440,10.549000000000,16.000000000000
1351453440,10.549780000000,30.171032000000
1351453448,10.541020000000,1.000000000000
1351453450,10.541020000000,1.049238260000
1351453477,10.530010000000,0.081787800000
1351453490,10.530010000000,0.029838760000
1351453511,10.530010000000,0.541459050000
1351453511,10.483870000000,0.235827200000
1351453538,10.483900000000,0.061340850000
1351453551,10.483900000000,0.025362950000
1351453571,10.483900000000,0.094387090000
1351453571,10.480700000000,0.488577600000
1351453599,10.480710000000,0.020918350000
1351453599,10.480700000000,0.025087280000
1351453612,10.480700000000,0.021558500000
1351453631,10.480700000000,0.437223520000
1351453660,10.480700000000,0.034504230000
1351453672,10.480700000000,0.018324730000
1351453693,10.480700000000,0.327917640000
1351453806,10.540970000000,10.000000000000
1351453825,10.540970000000,5.191700000000
1351453842,10.540970000000,0.778135210000
1351454317,10.480700000000,0.608987150000
1351454661,10.480700000000,3.512221510000
1351454676,10.480690000000,2.487778490000
1351454676,10.540980000000,0.750000000000
1351454676,10.541010000000,1.694905890000
1351454814,10.541000000000,1.435671180000
1351454819,10.480520000000,7.162319520000
1351454907,10.541000000000,8.743803090000
1351454907,10.541010000000,8.235168180000
1351454910,10.549000000000,11.000000000000
1351454941,10.549020000000,0.025878170000
1351454954,10.549020000000,0.015576020000
1351454966,10.549020000000,18.757495510000
1351454966,10.549010000000,10.800000000000
1351454966,10.541010000000,70.442504490000
1351454971,10.541010000000,50.000000000000
1351454974,10.541010000000,0.245938230000
1351454988,10.541010000000,30.000000000000
1351454996,10.549960000000,0.555742360000
1351454996,10.549970000000,6.520294370000
1351455007,10.549970000000,8.563273070000
1351455022,10.541020000000,0.560386480000
1351455022,10.541010000000,1.110540880000
1351455211,10.541010000000,0.579700800000
1351455301,10.548990000000,0.446334610000
1351455301,10.549970000000,19.983956320000
1351455301,10.550000000000,8.691325110000
1351455362,10.549990000000,0.117779590000
1351455363,10.550000000000,67.539498680000
1351455363,10.569110000000,7.666955690000
1351455364,10.569990000000,0.354917420000
1351455365,10.570000000000,86.000000000000
1351455365,10.572250000000,0.107830000000
1351455365,10.574380000000,0.438510000000
1351455365,10.575770000000,0.045950000000
1351455365,10.576640000000,0.043960000000
1351455365,10.577400000000,0.107780000000
1351455365,10.579980000000,14.858645180000
1351455365,10.579990000000,0.355203350000
1351455368,10.580000000000,0.010139300000
1351455369,10.580000000000,0.011250640000
1351455369,10.580000000000,189.035900000000
1351455369,10.580000000000,200.000000000000
1351455370,10.581550000000,46.002400000000
1351455370,10.582550000000,0.107720000000
1351455370,10.584000000000,0.248750000000
1351455370,10.584000000000,1.000000000000
1351455370,10.585120000000,0.232640000000
1351455370,10.587470000000,0.588690000000
1351455371,10.587470000000,1.008570000000
1351455371,10.587700000000,0.107670000000
1351455371,10.588330000000,0.029521740000
1351455371,10.589990000000,0.355536660000
1351455371,10.590000000000,50.000000000000
1351455375,10.590000000000,45.914000000000
1351455379,10.590000000000,30.535857410000
1351455382,10.542010000000,0.013239620000
1351455430,10.542020000000,0.019408630000
1351455431,10.581540000000,0.028351260000
1351455442,10.542020000000,0.011253670000
1351455461,10.542020000000,0.184453670000
1351455490,10.542020000000,0.014556470000
1351455520,10.581540000000,10.232705720000
1351455521,10.581550000000,1.000000000000
1351455523,10.581550000000,0.138340250000
1351455546,10.581550000000,3.040000000000
1351455550,10.581550000000,0.010917350000
1351455571,10.581550000000,0.250000000000
1351455582,10.581550000000,0.250000000000
1351455585,10.581550000000,0.103755190000
1351455589,10.590000000000,0.006700660000
1351455593,10.590000000000,0.993299340000
1351455648,10.590000000000,0.077816390000
1351455673,10.590000000000,20.000000000000
1351455692,10.590000000000,0.910799820000
1351455706,10.590000000000,0.058362300000
1351455717,10.590000000000,0.250000000000
1351455719,10.590160000000,0.185710000000
1351455719,10.592860000000,0.107620000000
1351455719,10.595310000000,0.043560000000
1351455720,10.595890000000,0.137550000000
1351455720,10.597250000000,0.500000000000
1351455720,10.597500000000,27.806956350000
1351455723,10.590000000000,4.908021710000
1351455723,10.581550000000,3.974281490000
1351455724,10.542010000000,34.957696800000
1351455937,10.543030000000,0.530000000000
1351455981,10.543030000000,10.242137340000
1351456071,10.541010000000,0.043771720000
1351456132,10.541010000000,0.031594620000
1351456159,10.543020000000,0.100000000000
1351456193,10.541010000000,0.023069680000
1351456205,10.541010000000,0.543908310000
1351456205,10.506760000000,26.256091690000
1351456225,10.543020000000,0.090377530000
1351456225,10.543030000000,19.909622470000
1351456256,10.502240000000,0.015665870000
1351456316,10.502240000000,0.012284750000
1351456353,10.543030000000,5.808240190000
1351456354,10.597500000000,2.196789800000
1351456376,10.540010000000,0.010557390000
1351456416,10.540010000000,0.170384030000
1351456416,10.540000000000,89.379616060000
1351456489,10.597490000000,10.590000000000
1351456512,10.597490000000,1.368793930000
1351456529,10.540000000000,53.201100000000
1351456739,10.597490000000,10.871657000000
1351456748,10.540000000000,2.000000000000
1351456869,10.540000000000,10.000000000000
1351456905,10.540000000000,11.000000000000
1351456988,10.515010000000,10.680000000000
1351457091,10.597490000000,25.349961350000
1351457091,10.597500000000,19.576253850000
1351457091,10.597500000000,0.995219160000
1351457091,10.598010000000,0.107570000000
1351457091,10.598560000000,0.034296210000
1351457092,10.599970000000,25.000000000000
1351457092,10.599980000000,100.857986630000
1351457092,10.599990000000,0.355717130000
1351457092,10.600000000000,99.990000000000
1351457092,10.600000000000,12.507794000000
1351457092,10.600000000000,5.000000000000
1351457092,10.600000000000,7.365178480000
1351457092,10.600000000000,240.553047190000
1351457092,10.600000000000,0.010134400000
1351457092,10.600000000000,0.020013030000
1351457093,10.600000000000,60.000000000000
1351457093,10.600000000000,1.000000000000
1351457093,10.600000000000,200.000000000000
1351457093,10.600000000000,1.000000000000
1351457093,10.601060000000,0.041582110000
1351457093,10.603160000000,0.107520000000
1351457093,10.604000000000,0.248750000000
1351457093,10.605770000000,26.143190500000
1351457093,10.605780000000,0.010370000000
1351457093,10.606360000000,0.052620000000
1351457094,10.606900000000,0.030580000000
1351457094,10.607000000000,1.000000000000
1351457094,10.607940000000,0.040440230000
1351457094,10.608000000000,2.000000000000
1351457094,10.608310000000,0.107460000000
1351457094,10.609500000000,0.553567600000
1351457094,10.609500000000,4.959971590000
1351457094,10.609670000000,473.971556990000
1351457094,10.609900000000,2.356300000000
1351457094,10.609990000000,0.355802650000
1351457095,10.613470000000,0.107410000000
1351457095,10.615770000000,0.320280000000
1351457095,10.616720000000,0.010685360000
1351457095,10.618620000000,0.107360000000
1351457095,10.618910000000,0.424320000000
1351457095,10.619420000000,0.201640000000
1351457095,10.619990000000,0.500000000000
1351457095,10.620000000000,0.010128200000
1351457095,10.620000000000,0.011203050000
1351457095,10.622200000000,0.071090000000
1351457095,10.622440000000,0.038034740000
1351457095,10.622770000000,0.035811520000
1351457095,10.623770000000,0.107310000000
1351457095,10.624000000000,0.248750000000
1351457096,10.627190000000,0.046680000000
1351457096,10.628920000000,0.107250000000
1351457096,10.629990000000,0.500000000000
1351457096,10.631880000000,51.124023400000
1351457096,10.634070000000,0.107200000000
1351457096,10.634570000000,0.038940100000
1351457096,10.639230000000,0.107150000000
1351457096,10.639990000000,0.500000000000
1351457096,10.640000000000,0.010120600000
1351457096,10.640000000000,0.020010160000
1351457097,10.640000000000,99.859384700000
1351457097,10.641840000000,2.026450290000
1351457097,10.642330000000,0.016020000000
1351457097,10.643000000000,1.000000000000
1351457097,10.644000000000,0.248750000000
1351457097,10.644380000000,0.107100000000
1351457097,10.645850000000,0.111060000000
1351457097,10.647080000000,0.050470000000
1351457097,10.648500000000,0.157613990000
1351457097,10.648530000000,0.003370900000
1351457097,10.649530000000,0.107050000000
1351457097,10.649650000000,1.000000000000
1351457097,10.649700000000,3.000000000000
1351457097,10.649790000000,3.103290000000
1351457097,10.649980000000,200.000000000000
1351457098,10.649990000000,0.500000000000
1351457098,10.650000000000,0.749170660000
1351457098,10.650000000000,5.000000000000
1351457098,10.650000000000,0.200000000000
1351457098,10.654300000000,500.000000000000
1351457098,10.654680000000,0.107000000000
1351457098,10.655520000000,0.115240000000
1351457098,10.656430000000,45.970100000000
1351457098,10.657430000000,0.021438160000
1351457098,10.659170000000,0.049790000000
1351457098,10.659540000000,0.018260000000
1351457098,10.659830000000,0.106940000000
1351457098,10.659990000000,0.500000000000
1351457098,10.660000000000,0.010114900000
1351457099,10.660000000000,0.011170510000
1351457099,10.660000000000,1.000000000000
1351457099,10.664000000000,0.248750000000
1351457099,10.664990000000,0.106890000000
1351457099,10.668510000000,0.108930000000
1351457099,10.669990000000,0.500000000000
1351457099,10.670140000000,0.106840000000
1351457099,10.670860000000,0.038690000000
1351457099,10.672790000000,0.077050000000
1351457099,10.672790000000,0.242230000000
1351457100,10.673040000000,0.028480000000
1351457100,10.675290000000,0.106790000000
1351457100,10.678930000000,21.394456930000
1351457100,10.679990000000,0.500000000000
1351457100,10.680000000000,0.010110900000
1351457100,10.680000000000,0.020010040000
1351457100,10.680110000000,13.576639680000
1351457100,10.680440000000,0.106740000000
1351457100,10.681030000000,0.010756720000
1351457100,10.681770000000,0.025795530000
1351457100,10.682600000000,0.056040000000
1351457100,10.682600000000,0.018990000000
1351457100,10.683470000000,0.054540000000
1351457101,10.685600000000,0.106690000000
1351457101,10.686380000000,6.852350780000
1351457101,10.687700000000,3.000000000000
1351457101,10.688990000000,0.570839060000
1351457101,10.689000000000,100.000000000000
1351457101,10.689590000000,0.010000000000
1351457101,10.689900000000,0.110000000000
1351457101,10.689990000000,0.500000000000
1351457101,10.690000000000,20.000000000000
1351457102,10.690000000000,87.000000000000
1351457102,10.690750000000,0.106630000000
1351457102,10.691240000000,0.052890000000
1351457102,10.691970000000,0.016570000000
1351457102,10.692040000000,0.262650000000
1351457102,10.694410000000,1.162350000000
1351457102,10.694410000000,0.737390000000
1351457102,10.695900000000,0.106580000000
1351457103,10.696490000000,0.085460000000
1351457103,10.697130000000,0.313260000000
1351457103,10.697770000000,3.000000000000
1351457104,10.698000000000,7.059546020000
1351457168,10.648170000000,0.157613990000
1351457168,10.656390000000,1.407517260000
1351457168,10.698000000000,1.737568750000
1351457196,10.697990000000,0.010000000000
1351457428,10.658620000000,13.959195950000
1351457428,10.658630000000,1.185087550000
1351457428,10.670000000000,1.912000000000
1351457429,10.684000000000,0.248750000000
1351457429,10.690000000000,1.000000000000
1351457429,10.698000000000,22.142375210000
1351457514,10.658630000000,1.024392430000
1351457514,10.690000000000,1.000000000000
1351457515,10.698000000000,5.159864460000
1351457687,10.610020000000,51.467580740000
1351457687,10.610000000000,41.718926480000
1351457687,10.601000000000,5.822262890000
1351457861,10.658620000000,3.185426000000
1351457900,10.658620000000,0.100000000000
1351457960,10.658620000000,6.200000000000
1351458128,10.660010000000,2.423411160000
1351458130,10.660010000000,3.920000000000
1351458256,10.660530000000,0.000046900000
1351458345,10.660020000000,1.000000000000
1351458349,10.660020000000,2.014640270000
1351458349,10.660000000000,1.085359730000
1351458451,10.660000000000,1.259740270000
1351458463,10.610010000000,0.134504150000
1351458463,10.610000000000,2.000000000000
1351458463,10.600000000000,1.865495850000
1351458471,10.600010000000,0.059495870000
1351458471,10.600000000000,1.103660170000
1351458626,10.659960000000,8.563273070000
1351458665,10.601000000000,1.000000000000
1351458792,10.601010000000,1.000000000000
1351459029,10.659960000000,0.028142690000
1351459139,10.659940000000,14.583337240000
1351459139,10.659950000000,0.750000000000
1351459185,10.660000000000,2.000000000000
1351459195,10.660000000000,6.118862760000
1351459498,10.604010000000,3.900000000000
1351459598,10.658970000000,0.847874470000
1351459598,10.658980000000,1.000000000000
1351459598,10.659000000000,51.652125530000
1351459616,10.659000000000,0.375725670000
1351459858,10.620000000000,0.010000000000
1351459890,10.630010000000,20.012495350000
1351459890,10.630000000000,69.990000000000
1351459948,10.605000000000,1.057634030000
1351460223,10.629990000000,4.319661770000
1351460223,10.630000000000,2.905930380000
1351460223,10.605010000000,0.659075120000
1351460260,10.605020000000,4.313379290000
1351460260,10.605010000000,2.986620710000
1351460361,10.605020000000,0.033728370000
1351460388,10.605010000000,43.000000000000
1351460403,10.605010000000,0.966271630000
1351460417,10.605010000000,114.822839000000
1351460515,10.605010000000,31.215193540000
1351460515,10.605000000000,5.904606460000
1351460666,10.605000000000,0.141000000000
1351460815,10.629990000000,0.204032920000
1351460815,10.630000000000,22.091574270000
1351460815,10.630000000000,0.674671420000
1351460815,10.650000000000,35.690000000000
1351460825,10.659970000000,5.305066960000
1351460825,10.659980000000,1.000000000000
1351460925,10.659980000000,31.954253320000
1351460937,10.659980000000,6.235343900000
1351460938,10.659980000000,40.000000000000
1351460972,10.659990000000,28.798158340000
1351461001,10.659990000000,5.000000000000
1351461124,10.659980000000,4.000000000000
1351461193,10.659980000000,1.279960280000
1351461215,10.659980000000,3.000000000000
1351461245,10.659980000000,5.000000000000
1351461269,10.659990000000,9.474681490000
1351461271,10.659980000000,3.000000000000
1351461273,10.659990000000,10.000000000000
1351461284,10.659990000000,40.608297410000
1351461302,10.661560000000,0.126086500000
1351461302,10.670000000000,1.000000000000
1351461305,10.670000000000,0.113477850000
1351461308,10.670000000000,2.456000000000
1351461334,10.679980000000,5.241264490000
1351461334,10.679990000000,1.000000000000
1351461334,10.690000000000,1.000000000000
1351461334,10.690740000000,0.490992720000
1351461334,10.697000000000,2.000000000000
1351461334,10.698000000000,13.900645560000
1351461334,10.699000000000,42.704587340000
1351461354,10.698990000000,10.673626960000
1351461354,10.699000000000,16.203749880000
1351461621,10.697000000000,80.680000000000
1351461621,10.697000000000,1.400000000000
1351461621,10.699000000000,41.091662780000
1351461621,10.699560000000,0.000200000000
1351461621,10.699980000000,200.000000000000
1351461621,10.699990000000,0.500000000000
1351461622,10.700000000000,2.116212110000
1351461622,10.700000000000,3.048604690000
1351461622,10.700000000000,0.010107300000
1351461622,10.700000000000,0.011153320000
1351461622,10.700000000000,0.200000000000
1351461623,10.700000000000,4.200000000000
1351461623,10.700000000000,12.500000000000
1351461623,10.700000000000,1.000000000000
1351461623,10.700000000000,5.000000000000
1351461623,10.700000000000,25.000000000000
1351461623,10.700000000000,1.000000000000
1351461623,10.700000000000,52.939847490000
1351461623,10.701050000000,0.106530000000
1351461624,10.704000000000,0.248750000000
1351461624,10.705710000000,0.228538540000
1351461624,10.706200000000,0.106480000000
1351461624,10.706820000000,0.047514960000
1351461624,10.709990000000,0.500000000000
1351461625,10.710000000000,10.000000000000
1351461626,10.710000000000,1.000000000000
1351461626,10.711360000000,0.106430000000
1351461626,10.712900000000,0.032161040000
1351461626,10.712910000000,0.012120000000
1351461626,10.713500000000,0.062970000000
1351461628,10.714040000000,0.033790000000
1351461628,10.715010000000,1.399900000000
1351461628,10.716510000000,0.106380000000
1351461628,10.719250000000,0.046112440000
1351461628,10.719990000000,0.500000000000
1351461629,10.720000000000,0.010103300000
1351461629,10.720000000000,0.020002640000
1351461644,10.720000000000,0.294728540000
1351461703,10.721650000000,16.719081170000
1351461703,10.721660000000,0.106330000000
1351461704,10.721660000000,2.000000000000
1351461742,10.723000000000,0.449100000000
1351461742,10.723410000000,0.055980000000
1351461742,10.724000000000,0.248750000000
1351461742,10.726170000000,0.499750000000
1351461742,10.726690000000,0.258440000000
1351461742,10.726700000000,0.018300000000
1351461743,10.726810000000,0.106280000000
1351461743,10.729490000000,0.084930000000
1351461743,10.729820000000,0.000080000000
1351461743,10.729990000000,0.500000000000
1351461754,10.730000000000,1.000000000000
1351461778,10.730000000000,1.778390000000
1351461778,10.730000000000,2.921610000000
1351461788,10.730000000000,0.250000000000
1351461789,10.731670000000,6.444462120000
1351461789,10.731680000000,3.555537880000
1351461826,10.731680000000,10.000000000000
1351461827,10.731680000000,1.000000000000
1351461843,10.731680000000,5.000000000000
1351461850,10.731680000000,0.444462120000
1351461850,10.731960000000,0.106220000000
1351461850,10.736300000000,0.168590000000
1351461850,10.737120000000,0.106170000000
1351461850,10.738000000000,1.000000000000
1351461850,10.738690000000,0.160000000000
1351461850,10.739990000000,0.500000000000
1351461851,10.740000000000,0.010099300000
1351461851,10.740000000000,0.011142730000
1351461851,10.742270000000,0.106120000000
1351461851,10.744000000000,0.248750000000
1351461851,10.747420000000,0.106070000000
1351461851,10.748670000000,0.049845400000
1351461851,10.749830000000,0.033070000000
1351461851,10.749990000000,0.249460450000
1351461861,10.740000000000,0.250000000000
1351461874,10.740000000000,0.160000000000
1351461883,10.749980000000,0.150000000000
1351461940,10.749790000000,21.484041870000
1351461941,10.749800000000,3.000000000000
1351461941,10.749990000000,0.250539550000
1351461941,10.750000000000,10.000000000000
1351461941,10.750000000000,0.200000000000
1351461941,10.750000000000,6.733044920000
1351461941,10.750000000000,5.000000000000
1351461941,10.750000000000,1.000000000000
1351461941,10.750000000000,0.500000000000
1351461941,10.750000000000,11.950000000000
1351461941,10.750000000000,5.000000000000
1351461941,10.750000000000,0.300000000000
1351461942,10.750000000000,8.000000000000
1351461942,10.750000000000,10.852667760000
1351461942,10.751000000000,2.000000000000
1351461942,10.752570000000,0.106020000000
1351461942,10.753430000000,0.245802860000
1351461942,10.754630000000,0.060310000000
1351461942,10.755680000000,0.059060000000
1351461942,10.757360000000,3.442170000000
1351461942,10.757730000000,0.105970000000
1351461942,10.759980000000,0.200000000000
1351461942,10.759990000000,0.500000000000
1351461945,10.760000000000,0.010096300000
1351461945,10.760000000000,0.020005540000
1351461945,10.761380000000,0.027057020000
1351461945,10.762880000000,0.105920000000
1351461945,10.764000000000,0.248750000000
1351461945,10.764680000000,0.649450000000
1351461945,10.765000000000,2.050000000000
1351461945,10.767210000000,0.022120000000
1351461946,10.767230000000,5.000000000000
1351461946,10.768030000000,0.105870000000
1351461946,10.769980000000,200.000000000000
1351461946,10.769990000000,0.500000000000
1351461946,10.769990000000,0.049034680000
1351461946,10.770000000000,100.000000000000
1351461946,10.770000000000,0.300000000000
1351461946,10.773000000000,10.000000000000
1351461946,10.773180000000,0.105820000000
1351461946,10.778330000000,0.105770000000
1351461947,10.778640000000,0.046010000000
1351461947,10.779990000000,0.500000000000
1351461947,10.780000000000,0.010092700000
1351461947,10.780000000000,0.011119090000
1351461947,10.780000000000,1.430000000000
1351461947,10.780000000000,6.326057710000
1351461988,10.779990000000,15.000000000000
1351462093,10.670010000000,20.000000000000
1351462143,10.750000000000,13.396700000000
1351462180,10.670010000000,0.010000000000
1351462219,10.670010000000,0.010000000000
1351462235,10.675890000000,0.102130060000
1351462246,10.750000000000,6.603300000000
1351462246,10.775000000000,1.839476740000
1351462286,10.680020000000,0.313600000000
1351462340,10.750000000000,0.100000000000
1351462366,10.770000000000,2.000000000000
1351462367,10.770000000000,3.001900000000
1351462368,10.770000000000,0.100000000000
1351462369,10.770000000000,0.100000000000
1351462369,10.770000000000,0.100000000000
1351462371,10.770000000000,0.100000000000
1351462372,10.770000000000,1.790000000000
1351462372,10.775000000000,23.160523260000
1351462372,10.778000000000,2.000000000000
1351462372,10.779990000000,0.102130060000
1351462373,10.780000000000,18.673942290000
1351462373,10.780000000000,5.000000000000
1351462373,10.780000000000,20.000000000000
1351462373,10.780600000000,0.091820000000
1351462373,10.780600000000,0.284460000000
1351462373,10.780850000000,0.033550000000
1351462373,10.783490000000,0.105720000000
1351462373,10.785770000000,127.510000000000
1351462373,10.788040000000,0.062130000000
1351462373,10.788640000000,0.105670000000
1351462375,10.789990000000,0.500000000000
1351462375,10.789990000000,0.048749680000
1351462375,10.790000000000,10.000000000000
1351462375,10.790000000000,10.679999900000
1351462375,10.790000000000,100.000000000000
1351462375,10.790000000000,0.300000000000
1351462375,10.790010000000,0.213950240000
1351462375,10.790500000000,0.067370000000
1351462376,10.790500000000,0.022830000000
1351462376,10.791380000000,0.065020000000
1351462376,10.793790000000,0.105620000000
1351462376,10.796000000000,2.500000000000
1351462376,10.796840000000,0.212333120000
1351462376,10.797440000000,0.051245500000
1351462376,10.798940000000,0.105570000000
1351462376,10.799970000000,0.019220000000
1351462376,10.799990000000,0.500000000000
1351462376,10.799990000000,0.052817050000
1351462377,10.799990000000,0.052115900000
1351462377,10.799990000000,0.050276870000
1351462377,10.800000000000,12.000000000000
1351462379,10.800000000000,0.010090100000
1351462380,10.800000000000,0.020009130000
1351462380,10.800000000000,1.500000000000
1351462380,10.800000000000,0.200000000000
1351462380,10.800000000000,12.500000000000
1351462380,10.800000000000,5.000000000000
1351462381,10.800000000000,25.000000000000
1351462381,10.800000000000,10.000000000000
1351462381,10.800000000000,60.000000000000
1351462381,10.800000000000,12.226200000000
1351462381,10.800000000000,2.000000000000
1351462381,10.800000000000,1.400000000000
1351462381,10.800000000000,1.780000000000
1351462381,10.800000000000,6.219845770000
1351462381,10.800040000000,0.317280000000
1351462381,10.802430000000,1.385840000000
1351462381,10.802430000000,0.884620000000
1351462381,10.804100000000,0.105520000000
1351462381,10.809250000000,0.105470000000
1351462381,10.809990000000,0.500000000000
1351462382,10.810000000000,0.300000000000
1351462382,10.810000000000,131.563454250000
1351462382,10.814400000000,0.105410000000
1351462382,10.819550000000,0.105360000000
1351462382,10.819990000000,0.500000000000
1351462382,10.820000000000,0.010087500000
1351462382,10.820000000000,0.011084490000
1351462382,10.820160000000,2.000000000000
1351462382,10.820510000000,0.065200000000
1351462383,10.821130000000,0.014480000000
1351462383,10.821720000000,0.073220000000
1351462383,10.822260000000,0.045060000000
1351462383,10.824700000000,0.105310000000
1351462383,10.828980000000,7.956706120000
1351462383,10.828990000000,26.321704820000
1351462384,10.829860000000,0.105260000000
1351462384,10.829980000000,200.000000000000
1351462384,10.829990000000,0.500000000000
1351462384,10.830000000000,1.507059630000
1351462384,10.830000000000,20.000000000000
1351462384,10.830000000000,0.300000000000
1351462384,10.831590000000,9.422570740000
1351462384,10.834000000000,55.807519910000
1351462384,10.834510000000,0.584670000000
1351462384,10.835010000000,0.105210000000
1351462384,10.835050000000,0.298290000000
1351462384,10.835060000000,0.021610000000
1351462384,10.837870000000,0.100430000000
1351462384,10.838610000000,0.022005310000
1351462385,10.838900000000,0.658736730000
1351462385,10.839990000000,0.500000000000
1351462385,10.840000000000,0.010059700000
1351462385,10.840000000000,0.020011920000
1351462385,10.840000000000,50.959998200000
1351462385,10.840160000000,0.105160000000
1351462385,10.841010000000,7.037118530000
1351462385,10.843390000000,0.018760000000
1351462385,10.845310000000,0.105110000000
1351462385,10.848000000000,1.000000000000
1351462385,10.848000000000,2.500000000000
1351462385,10.849600000000,0.835900000000
1351462385,10.849990000000,0.500000000000
1351462386,10.849990000000,0.049471530000
1351462386,10.850000000000,0.200000000000
1351462386,10.850000000000,0.300000000000
1351462386,10.850000000000,100.000000000000
1351462386,10.850460000000,0.105060000000
1351462386,10.853060000000,0.068250000000
1351462386,10.854620000000,45.942200000000
1351462386,10.855620000000,0.105010000000
1351462387,10.857240000000,19.828000000000
1351462387,10.858410000000,0.048360000000
1351462387,10.859990000000,0.500000000000
1351462387,10.860000000000,0.010058200000
1351462387,10.860000000000,0.011066100000
1351462387,10.860770000000,0.104960000000
1351462387,10.862400000000,0.815600000000
1351462387,10.863000000000,14.439741000000
1351462387,10.863260000000,0.090570000000
1351462387,10.863760000000,1.304857800000
1351462387,10.865920000000,0.104920000000
1351462387,10.866020000000,5.377350000000
1351462387,10.867770000000,3.071100000000
1351462387,10.869990000000,0.500000000000
1351462388,10.870000000000,2.000000000000
1351462388,10.870000000000,0.300000000000
1351462388,10.871070000000,0.104870000000
1351462388,10.875200000000,1.840600000000
1351462388,10.875570000000,2.625908210000
1351462388,10.875640000000,31.111521230000
1351462388,10.875970000000,0.031910000000
1351462388,10.876230000000,0.104820000000
1351462388,10.877080000000,0.010482550000
1351462388,10.879990000000,200.000000000000
1351462388,10.879990000000,0.500000000000
1351462388,10.880000000000,0.010056200000
1351462389,10.880000000000,0.020021310000
1351462389,10.880000000000,83.590513660000
1351462389,10.880000000000,10.000000000000
1351462389,10.881380000000,0.104770000000
1351462389,10.883300000000,1.218600000000
1351462389,10.885720000000,0.071300000000
1351462389,10.886500000000,2.626500000000
1351462389,10.886530000000,0.104720000000
1351462389,10.887520000000,0.053260000000
1351462389,10.888620000000,0.022040000000
1351462389,10.888870000000,0.011298030000
1351462389,10.889500000000,0.143090000000
1351462389,10.889500000000,0.463870000000
1351462389,10.889750000000,0.052150000000
1351462389,10.889830000000,0.010480360000
1351462390,10.889900000000,0.110000000000
1351462390,10.889990000000,0.500000000000
1351462390,10.890000000000,0.300000000000
1351462390,10.890000000000,23.344560210000
1351462390,10.891680000000,0.104670000000
1351462390,10.892180000000,0.122302390000
1351462390,10.896830000000,0.104620000000
1351462390,10.897570000000,0.010832670000
1351462390,10.898600000000,0.546800000000
1351462391,10.899020000000,0.547150000000
1351462391,10.899500000000,0.037750000000
1351462391,10.899500000000,0.114670000000
1351462391,10.899930000000,1.372619430000
1351462391,10.899990000000,0.500000000000
1351462391,10.900000000000,0.010054200000
1351462391,10.900000000000,0.011026410000
1351462392,10.900000000000,1.000000000000
1351462392,10.900000000000,0.200000000000
1351462392,10.900000000000,1.000000000000
1351462393,10.900000000000,2.000000000000
1351462393,10.900000000000,0.986644400000
1351462393,10.900000000000,4.882017120000
1351462393,10.900000000000,0.819155400000
1351462393,10.900000000000,3.000000000000
1351462393,10.900000000000,0.500000000000
1351462393,10.900000000000,12.500000000000
1351462393,10.900000000000,300.000000000000
1351462393,10.900000000000,0.025706530000
1351462393,10.900380000000,0.107420000000
1351462394,10.901990000000,0.104570000000
1351462394,10.902100000000,0.020163320000
1351462394,10.902320000000,0.014510000000
1351462394,10.902580000000,0.010478050000
1351462394,10.905190000000,0.716640000000
1351462395,10.905980000000,0.136040000000
1351462395,10.906340000000,0.678770000000
1351462395,10.907140000000,0.104520000000
1351462395,10.908400000000,6.862800000000
1351462395,10.909060000000,0.021840000000
1351462395,10.909130000000,0.532360000000
1351462395,10.909350000000,0.106520000000
1351462395,10.909990000000,0.500000000000
1351462396,10.910000000000,5.000000000000
1351462396,10.910000000000,0.300000000000
1351462396,10.911550000000,1.548490000000
1351462396,10.911550000000,2.305900000000
1351462396,10.912290000000,0.104470000000
1351462397,10.913670000000,0.156990000000
1351462397,10.915330000000,0.011294800000
1351462397,10.915330000000,0.500000000000
1351462397,10.915340000000,0.010476070000
1351462397,10.917440000000,0.104420000000
1351462397,10.918480000000,0.074330000000
1351462397,10.919000000000,100.000000000000
1351462398,10.919300000000,0.130910000000
1351462398,10.919990000000,0.500000000000
1351462398,10.920000000000,0.010051100000
1351462398,10.920000000000,0.020026520000
1351462399,10.921110000000,89.912400000000
1351462399,10.922110000000,3.337140000000
1351462399,10.922590000000,0.104370000000
1351462399,10.927750000000,0.104320000000
1351462399,10.928090000000,0.010473610000
1351462399,10.928560000000,0.020171010000
1351462399,10.928590000000,0.047500000000
1351462399,10.928630000000,0.835500000000
1351462399,10.928660000000,0.121200000000
1351462399,10.929990000000,0.500000000000
1351462399,10.930000000000,0.300000000000
1351462400,10.930430000000,0.023320000000
1351462400,10.931010000000,52.200000000000
1351462400,10.931030000000,0.107560000000
1351462400,10.931580000000,0.071410000000
1351462400,10.932900000000,0.104270000000
1351462400,10.938050000000,0.104220000000
1351462400,10.939990000000,0.500000000000
1351462400,10.940000000000,0.010047900000
1351462400,10.940000000000,0.011025390000
1351462400,10.940840000000,0.010471690000
1351462401,10.940840000000,0.500000000000
1351462401,10.941060000000,0.125000000000
1351462401,10.941690000000,0.115060000000
1351462401,10.941790000000,0.011273390000
1351462401,10.943200000000,0.104170000000
1351462401,10.943950000000,0.941460000000
1351462401,10.944490000000,0.441950000000
1351462402,10.944500000000,0.035410000000
1351462403,10.945570000000,0.053061640000
1351462403,10.947340000000,0.156350000000
1351462403,10.948000000000,2.500000000000
1351462403,10.948360000000,0.104130000000
1351462403,10.948650000000,2.739565220000
1351462403,10.948660000000,15.000000000000
1351462404,10.948900000000,13.400000000000
1351462404,10.949980000000,132.032248630000
1351462407,10.770000000000,0.100000000000
1351462409,10.770000000000,0.100000000000
1351462410,10.949980000000,20.000000000000
1351462410,10.770000000000,0.456851700000
1351462410,10.949980000000,0.100000000000
1351462415,10.774990000000,0.487667350000
1351462415,10.949980000000,47.867751370000
1351462415,10.949990000000,0.500000000000
1351462416,10.950000000000,0.200000000000
1351462416,10.950000000000,15.000000000000
1351462416,10.950000000000,10.934000000000
1351462416,10.950000000000,0.300000000000
1351462416,10.950000000000,7.276271230000
1351462591,10.809990000000,2.000000000000
1351462597,10.809990000000,7.105279460000
1351462627,10.809990000000,0.027703490000
1351462650,10.809990000000,16.466300000000
1351462654,10.770130000000,0.150000000000
1351462670,10.807990000000,0.462500000000
1351462678,10.770000000000,0.400000000000
1351462697,10.800000000000,0.010000000000
1351462706,10.800000000000,0.010000000000
1351462713,10.800000000000,0.010000000000
1351462728,10.800000000000,2.000000000000
1351462751,10.800000000000,0.010000000000
1351462780,10.800000000000,0.060000000000
1351462902,10.800000000000,1.940000000000
1351462902,10.800000000000,0.010000000000
1351462921,10.800020000000,0.100000000000
1351462965,10.807990000000,2.079569450000
1351462966,10.808000000000,1.000000000000
1351462966,10.808000000000,1.000000000000
1351462966,10.808870000000,1.000000000000
1351462966,10.827000000000,1.000000000000
1351462966,10.827000000000,1.000000000000
1351462966,10.827000000000,1.000000000000
1351462966,10.828800000000,2.000000000000
1351462966,10.895000000000,41.539535100000
1351462966,10.895100000000,0.763594760000
1351462966,10.900000000000,25.000000000000
1351462966,10.910000000000,1.000000000000
1351462966,10.928620000000,0.112700000000
1351462966,10.928630000000,0.777000000000
1351462967,10.930000000000,30.000000000000
1351462967,10.936960000000,0.149355000000
1351462967,10.936960000000,0.099570000000
1351462967,10.937000000000,23.171971290000
1351462973,10.800030000000,2.000000000000
1351462984,10.937000000000,5.705997980000
1351462992,10.810000000000,10.000000000000
1351463027,10.811020000000,25.610752720000
1351463028,10.811020000000,0.002369170000
1351463042,10.919960000000,0.549500000000
1351463059,10.850000000000,22.386915880000
1351463086,10.850000000000,16.003241920000
1351463095,10.850000000000,1.800000000000
1351463115,10.850000000000,7.170092490000
1351463218,10.860000000000,8.390150840000
1351463259,10.860000000000,1.609849160000
1351463259,10.850000000000,2.639749710000
1351463271,10.849990000000,60.000000000000
1351463318,10.849990000000,14.822158110000
1351463318,10.850000000000,4.766329530000
1351463318,10.900000000000,20.000000000000
1351463347,10.900000000000,2.000000000000
1351463348,10.900000000000,10.140472470000
1351463362,10.819370000000,4.400000000000
1351463368,10.819370000000,0.630000000000
1351463454,10.894990000000,20.000000000000
1351463512,10.889990000000,9.252900000000