1324395661,4.102170000000,0.000029060000
1324395671,4.103300000000,0.000029240000
1324395685,4.102170000000,0.000029060000
1324395694,4.103400000000,0.094348580000
1324395704,4.103400000000,0.000029240000
1324395720,4.102170000000,0.000029060000
1324395730,4.103300000000,0.000029240000
1324395743,4.102170000000,0.000029060000
1324395755,4.103300000000,0.000029240000
1324395766,4.102170000000,0.000029060000
1324395774,4.103300000000,8.999970760000
1324395777,4.103400000000,9.905563700000
1324395777,4.104630000000,10.000000000000
1324395777,4.105860000000,4.431236300000
1324395781,4.105860000000,0.000029220000
1324395791,4.105860000000,5.568734480000
1324395791,4.107090000000,10.000000000000
1324395791,4.108320000000,10.000000000000
1324395795,4.109000000000,0.000029040000
1324395807,4.109000000000,9.000000000000
1324395813,4.109280000000,0.000029200000
1324395828,4.109000000000,0.000029020000
1324395836,4.109280000000,0.250000000000
1324395836,4.109280000000,0.380000000000
1324395838,4.109550000000,0.000029200000
1324395849,4.109280000000,0.943000000000
1324395852,4.109000000000,0.000029020000
1324395867,4.109180000000,0.300000000000
1324395885,4.109280000000,0.000029200000
1324395901,4.103300000000,0.000029020000
1324395911,4.109180000000,9.000000000000
1324395911,4.109280000000,0.137305990000
1324395911,4.109280000000,0.250000000000
1324395911,4.109550000000,9.999970800000
1324395911,4.110000000000,10.516661540000
1324395916,4.110780000000,0.000029190000
1324395935,4.103300000000,0.000029010000
1324395944,4.110000000000,9.000000000000
1324395953,4.110780000000,0.000029190000
1324395963,4.110000000000,1.222284480000
1324395971,4.103300000000,0.000029010000
1324395990,4.110000000000,0.000029190000
1324396005,4.110000000000,10.999970810000
1324396005,4.110780000000,1.000029190000
1324396011,4.103300000000,0.000029010000
1324396022,4.110680000000,0.000029190000
1324396033,4.103300000000,45.670000000000
1324396035,4.103300000000,0.000029010000
1324396047,4.110680000000,9.000000000000
1324396050,4.110760000000,0.000029190000
1324396078,4.103300000000,0.000029010000
1324396091,4.110660000000,0.000029190000
1324396112,4.103300000000,0.000029010000
1324396122,4.103300000000,4.000000000000
1324396125,4.110760000000,0.000029190000
1324396144,4.103300000000,0.000029010000
1324396155,4.110660000000,9.000000000000
1324396155,4.110760000000,3.240000000000
1324396169,4.110760000000,0.000029190000
1324396183,4.110000000000,0.000029010000
1324396191,4.110000000000,47.528044170000
1324396200,4.110660000000,0.000029190000
1324396214,4.103300000000,0.000029010000
1324396233,4.110000000000,0.000029190000
1324396246,4.103300000000,0.000029010000
1324396261,4.110000000000,0.000029190000
1324396275,4.103300000000,0.000029010000
1324396286,4.103300000000,4.880000000000
1324396303,4.109900000000,0.000029190000
1324396316,4.103300000000,0.000029010000
1324396330,4.110000000000,0.000029190000
1324396348,4.103300000000,0.000029010000
1324396367,4.110000000000,0.000029190000
1324396381,4.103300000000,0.000029010000
1324396391,4.109800000000,0.000029190000
1324396403,4.109800000000,4.866300000000
1324396417,4.103300000000,0.000029010000
1324396432,4.109800000000,0.000029190000
1324396445,4.103300000000,0.000029010000
1324396461,4.109800000000,0.000029190000
1324396474,4.110000000000,0.468071000000
1324396475,4.110000000000,0.000029010000
1324396483,4.110000000000,3.531899990000
1324396486,4.109700000000,0.000029190000
1324396499,4.103300000000,0.000029010000
1324396510,4.109700000000,0.000029190000
1324396531,4.103300000000,0.000029010000
1324396561,4.110760000000,0.000029190000
1324396574,4.103300000000,0.000029010000
1324396605,4.110660000000,0.000029190000
1324396615,4.103300000000,0.035000000000
1324396621,4.103300000000,0.000029010000
1324396635,4.110660000000,0.000029190000
1324396654,4.103300000000,0.000029010000
1324396669,4.110760000000,0.000029190000
1324396687,4.103300000000,0.000029010000
1324396705,4.110760000000,0.000029190000
1324396737,4.103300000000,0.000029010000
1324396746,4.103300000000,2.000000000000
1324396748,4.110660000000,0.000029190000
1324396761,4.103300000000,0.000029010000
1324396774,4.110660000000,0.000029190000
1324396789,4.103300000000,0.000029010000
1324396817,4.110660000000,0.000029190000
1324396839,4.103300000000,0.000029010000
1324396859,4.110760000000,0.000029190000
1324396876,4.103300000000,0.000029010000
1324396899,4.110000000000,0.000029190000
1324396921,4.103300000000,0.000029010000
1324396931,4.110000000000,0.000029190000
1324396946,4.103300000000,0.000029010000
1324396955,4.110000000000,0.499941620000
1324396955,4.110000000000,2.000000000000
1324396959,4.110780000000,0.000029190000
1324396971,4.110000000000,9.000000000000
1324396978,4.110000000000,0.000029010000
1324396993,4.110780000000,0.000029190000
1324397007,4.110000000000,0.000029010000
1324397019,4.110000000000,0.500000000000
1324397028,4.110680000000,0.000029190000
1324397040,4.103300000000,0.000029010000
1324397063,4.110780000000,0.000029190000
1324397073,4.110780000000,8.999824860000
1324397074,4.110780000000,0.080175140000
1324397078,4.110680000000,4.000000000000
1324397083,4.103300000000,0.000029010000
1324397096,4.103300000000,11.414129920000
1324397098,4.103300000000,0.000029240000
1324397109,4.100000000000,0.000029060000
1324397122,4.103300000000,0.000029240000
1324397133,4.103300000000,0.020000000000
1324397139,4.100000000000,0.000029060000
1324397146,4.100000000000,8.000000000000
1324397161,4.103300000000,0.000029240000
1324397175,4.100000000000,0.000029060000
1324397196,4.103300000000,0.000029240000
1324397215,4.100000000000,0.000029060000
1324397228,4.103200000000,0.000029240000
1324397241,4.100000000000,0.000029060000
1324397265,4.103300000000,0.000029240000
1324397280,4.100000000000,0.000029060000
1324397292,4.103300000000,0.000029240000
1324397315,4.100000000000,0.000029060000
1324397332,4.103100000000,0.000029240000
1324397348,4.100000000000,0.000029060000
1324397360,4.103100000000,0.000029240000
1324397393,4.100000000000,0.000029060000
1324397403,4.103210000000,3.000000000000
1324397408,4.103000000000,0.000029240000
1324397423,4.100000000000,0.000029060000
1324397436,4.103000000000,0.000029240000
1324397448,4.100000000000,1.945140000000
1324397455,4.100000000000,0.000029060000
1324397467,4.103000000000,0.000029240000
1324397489,4.100000000000,0.000029060000
1324397501,4.103200000000,0.000029240000
1324397518,4.100000000000,0.000029060000
1324397529,4.103200000000,0.000029240000
1324397549,4.100000000000,0.000029060000
1324397558,4.100000000000,2.000010000000
1324397559,4.100000000000,14.000000000000
1324397563,4.103200000000,0.000029240000
1324397581,4.100000000000,0.000029060000
1324397590,4.100000000000,1.280000000000
1324397591,4.103300000000,0.000029240000
1324397609,4.100000000000,0.000029060000
1324397620,4.103200000000,0.000029240000
1324397632,4.100000000000,0.000029060000
1324397644,4.103000000000,0.000029240000
1324397661,4.100000000000,0.000029060000
1324397683,4.103000000000,0.000029240000
1324397694,4.100000000000,0.000029060000
1324397708,4.102900000000,0.000029240000
1324397718,4.100000000000,25.000000000000
1324397719,4.100000000000,0.774297860000
1324397724,4.086000000000,0.000029060000
1324397738,4.100000000000,0.000029260000
1324397752,4.086490000000,0.000029080000
1324397764,4.100000000000,0.000029260000
1324397777,4.086000000000,0.000029080000
1324397788,4.100000000000,0.000029260000
1324397801,4.086590000000,0.000029080000
1324397815,4.100000000000,0.000029260000
1324397824,4.086490000000,0.008910000000
1324397826,4.086490000000,0.000029080000
1324397839,4.100000000000,0.000029260000
1324397849,4.086590000000,0.016000000000
1324397849,4.086490000000,0.129463830000
1324397849,4.086000000000,6.854536170000
1324397853,4.086000000000,0.000029080000
1324397866,4.100000000000,0.000029260000
1324397878,4.086000000000,0.000029080000
1324397896,4.103000000000,0.000029240000
1324397920,4.086000000000,0.000029060000
1324397930,4.086000000000,9.225526580000
1324397939,4.103000000000,0.000029240000
1324397952,4.086000000000,0.000029060000
1324397967,4.103000000000,0.000029240000
1324397979,4.086000000000,0.000029060000
1324397994,4.102900000000,0.000029240000
1324398010,4.086000000000,0.000029060000
1324398021,4.103000000000,0.000029240000
1324398035,4.086000000000,0.000029060000
1324398049,4.102800000000,0.000029240000
1324398061,4.086000000000,0.000029060000
1324398077,4.103000000000,0.000029240000
1324398091,4.086000000000,0.000029060000
1324398110,4.102800000000,0.000029240000
1324398122,4.086000000000,0.000029060000
1324398141,4.102700000000,0.000029240000
1324398155,4.086000000000,0.000029060000
1324398168,4.103000000000,0.000029240000
1324398184,4.086000000000,0.000029060000
1324398199,4.102700000000,0.000029240000
1324398211,4.086000000000,0.000029060000
1324398231,4.102600000000,0.000029240000
1324398245,4.086000000000,0.000029060000
1324398258,4.102900000000,0.000029240000
1324398275,4.086000000000,0.000029060000
1324398288,4.102600000000,0.000029240000
1324398303,4.086000000000,0.000029060000
1324398315,4.102900000000,0.000029240000
1324398325,4.102500000000,9.000000000000
1324398325,4.102900000000,4.999941520000
1324398325,4.103000000000,2.519239470000
1324398325,4.103300000000,0.999970760000
1324398325,4.110100000000,0.500000000000
1324398325,4.110780000000,0.419824860000
1324398325,4.120000000000,10.000000000000
1324398325,4.120000000000,22.774818730000
1324398328,4.086000000000,0.000029060000
1324398340,4.105090000000,0.000029230000
1324398353,4.086000000000,0.000029050000
1324398368,4.102500000000,0.000029250000
1324398380,4.086000000000,0.000029070000
1324398394,4.102500000000,0.000029250000
1324398406,4.086000000000,0.000029070000
1324398418,4.102400000000,0.000029250000
1324398444,4.086000000000,0.000029070000
1324398462,4.104460000000,0.000029230000
1324398478,4.086000000000,0.000029050000
1324398492,4.102400000000,0.000029250000
1324398504,4.086000000000,0.000029070000
1324398516,4.104360000000,0.000029230000
1324398531,4.086000000000,0.000029050000
1324398547,4.104460000000,0.000029230000
1324398574,4.086000000000,0.000029050000
1324398591,4.104360000000,0.000029230000
1324398604,4.086000000000,0.000029050000
1324398621,4.104260000000,0.000029230000
1324398643,4.086000000000,0.000029050000
1324398656,4.104260000000,0.000029230000
1324398669,4.086000000000,0.000029050000
1324398686,4.104260000000,0.000029230000
1324398715,4.086000000000,0.000029050000
1324398724,4.086000000000,1.532170570000
1324398724,4.104160000000,9.000000000000
1324398726,4.109990000000,0.000029190000
1324398736,4.104460000000,0.137611980000
1324398743,4.104460000000,0.000029010000
1324398752,4.104460000000,9.000000000000
1324398758,4.109990000000,0.000029190000
1324398771,4.104460000000,0.000029010000
1324398779,4.104460000000,77.769241000000
1324398780,4.104460000000,4.093089000000
1324398783,4.104460000000,0.000029230000
1324398797,4.087000000000,0.000029050000
1324398822,4.100000000000,0.000029260000
1324398840,4.100000000000,0.000029080000
1324398858,4.109890000000,0.000029190000
1324398867,4.109890000000,1.000000000000
1324398873,4.100000000000,0.000029010000
1324398884,4.120000000000,0.000029120000
1324398901,4.100000000000,0.000028950000
1324398910,4.119900000000,0.000029120000
1324398933,4.100000000000,0.000028950000
1324398950,4.110000000000,0.000029190000
1324398963,4.100000000000,0.000029010000
1324398980,4.110000000000,0.000029190000
1324398997,4.087000000000,0.000029010000
1324399009,4.100000000000,10.000000000000
1324399012,4.100000000000,0.000029260000
1324399028,4.087000000000,0.000029080000
1324399044,4.100000000000,0.000029260000
1324399056,4.087000000000,6.130391480000
1324399056,4.086000000000,32.386865800000
1324399056,4.083750000000,0.138191620000
1324399056,4.083430000000,2.134551100000
1324399056,4.083430000000,1.400000000000
1324399072,4.083430000000,0.000029080000
1324399081,4.100000000000,10.000000000000
1324399085,4.100000000000,0.000029260000
1324399093,4.083430000000,3.534583220000
1324399094,4.083000000000,4.613076460000
1324399094,4.082800000000,0.455257120000
1324399094,4.080350000000,0.015813610000
1324399094,4.072100000000,7.600989740000
1324399095,4.083000000000,0.004449060000
1324399103,4.072100000000,0.000029080000
1324399116,4.083000000000,10.000000000000
1324399118,4.083000000000,0.000029390000
1324399130,4.072100000000,0.000029210000
1324399140,4.072100000000,5.668951970000
1324399140,4.072030000000,14.330471530000
1324399144,4.082900000000,0.000029390000
1324399154,4.072000000000,25.000000000000
1324399154,4.072000000000,13.032423870000
1324399154,4.071100000000,0.745436090000
1324399158,4.072000000000,0.000029210000
1324399170,4.072100000000,0.000029210000
1324399174,4.082900000000,0.000029390000
1324399190,4.072100000000,0.000029210000
1324399201,4.082900000000,0.000029390000
1324399216,4.072000000000,0.000029210000
1324399224,4.072000000000,3.771070490000
1324399229,4.082900000000,0.000029390000
1324399242,4.072200000000,0.000029210000
1324399261,4.082900000000,0.000029390000
1324399274,4.072010000000,0.000029210000
1324399290,4.082900000000,0.000029390000
1324399304,4.080000000000,2.870000000000
1324399306,4.080000000000,0.000029210000
1324399321,4.082900000000,0.000029390000
1324399332,4.080000000000,0.000029210000
1324399345,4.082900000000,0.000029390000
1324399362,4.080000000000,0.000029210000
1324399381,4.082900000000,0.000029390000
1324399400,4.072010000000,0.000029210000
1324399417,4.082900000000,0.000029390000
1324399428,4.080000000000,4.000000000000
1324399430,4.082000000000,0.000029210000
1324399437,4.082000000000,0.046523370000
1324399438,4.082900000000,53.283996750000
1324399438,4.082900000000,0.000029390000
1324399441,4.082900000000,0.000029390000
1324399462,4.082000000000,0.000029210000
1324399476,4.083000000000,0.000029390000
1324399485,4.082900000000,31.991776570000
1324399492,4.082900000000,0.000029210000
1324399502,4.082900000000,0.041885750000
1324399504,4.083000000000,0.000029390000
1324399517,4.082900000000,0.000029210000
1324399534,4.083000000000,9.050208320000
1324399534,4.083000000000,12.549791680000
1324399537,4.083000000000,0.000029390000
1324399554,4.082000000000,0.000029210000
1324399571,4.084000000000,0.000029380000
1324399584,4.083000000000,5.125361250000
1324399594,4.082000000000,0.000029200000
1324399609,4.083000000000,0.000029390000
1324399618,4.083000000000,35.734756460000
1324399618,4.084000000000,2.299907890000
1324399618,4.089900000000,5.465861650000
1324399618,4.100000000000,33.868595120000
1324399621,4.082000000000,0.000029210000
1324399633,4.082000000000,5.953330590000
1324399635,4.100000000000,0.000029260000
1324399647,4.082000000000,10.000000000000
1324399655,4.082000000000,5.410000000000
1324399656,4.072010000000,0.000029080000
1324399665,4.100000000000,0.000029260000
1324399677,4.082000000000,10.000000000000
1324399681,4.072010000000,0.000029080000
1324399695,4.100000000000,0.000029260000
1324399705,4.082000000000,10.000000000000
1324399707,4.072110000000,0.000029080000
1324399723,4.082000000000,0.000029390000
1324399733,4.072110000000,0.016170920000
1324399733,4.072010000000,0.999883420000
1324399733,4.071100000000,299.254563910000
1324399733,4.070710000000,39.979166600000
1324399733,4.070010000000,1.000000000000
1324399733,4.070010000000,51.420000000000
1324399733,4.070000000000,500.000000000000
1324399733,4.070000000000,0.490000000000
1324399733,4.069950000000,10.000000000000
1324399733,4.069000000000,50.000000000000
1324399733,4.068730000000,10.000000000000
1324399733,4.067510000000,10.000000000000
1324399733,4.066290000000,10.000000000000
1324399733,4.065240000000,0.056906430000
1324399733,4.065070000000,10.000000000000
1324399733,4.063850000000,6.783308720000
1324399736,4.063850000000,0.000029210000
1324399744,4.082000000000,10.000000000000
1324399746,4.100000000000,0.000029260000
1324399765,4.063850000000,0.000029080000
1324399785,4.082000000000,0.000029390000
1324399795,4.082000000000,1.000000000000
1324399796,4.065280000000,0.045027110000
1324399796,4.063850000000,3.216632990000
1324399798,4.063120000000,0.000029210000
1324399820,4.063850000000,0.000029520000
1324399831,4.063850000000,0.738310380000
1324399835,4.082000000000,0.000029340000
1324399849,4.082000000000,4.899600000000
1324399849,4.063850000000,10.000000000000
1324399849,4.063120000000,0.918420790000
1324399850,4.062700000000,4.730000000000
1324399850,4.062630000000,10.000000000000
1324399850,4.061410000000,10.000000000000
1324399850,4.060630000000,0.128540000000
1324399850,4.060550000000,1.699080000000
1324399850,4.060190000000,10.000000000000
1324399850,4.060000000000,8.000000000000
1324399850,4.060000000000,48.410000000000
1324399852,4.060000000000,0.440000000000
1324399852,4.060000000000,6.592380000000
1324399853,4.063120000000,0.045027110000
1324399854,4.063120000000,0.000029530000
1324399873,4.058970000000,0.000029350000
1324399882,4.063120000000,10.000000000000
1324399884,4.063120000000,1.758871040000
1324399891,4.095060000000,0.000029300000
1324399902,4.059070000000,0.016300000000
1324399902,4.058970000000,2.213700000000
1324399903,4.063120000000,10.000000000000
1324399905,4.058970000000,0.000029120000
1324399913,4.063120000000,10.000000000000
1324399918,4.063120000000,0.000029530000
1324399930,4.063120000000,10.000000000000
1324399936,4.058970000000,0.000029350000
1324399945,4.063120000000,10.000000000000
1324399948,4.090900000000,0.000029330000
1324399957,4.058970000000,1.000000000000
1324399964,4.058970000000,0.000029150000
1324399972,4.058970000000,0.500000000000
1324399978,4.063120000000,0.000029530000
1324399994,4.059000000000,0.000029350000
1324400002,4.063120000000,5.000000000000
1324400004,4.059000000000,6.786000000000
1324400008,4.063120000000,0.000029530000
1324400018,4.063120000000,5.014485790000
1324400018,4.092000000000,50.000000000000
1324400018,4.094810000000,0.500030000000
1324400018,4.094840000000,1.000030000000
1324400018,4.094910000000,2.213760000000
1324400018,4.095060000000,9.999970700000
1324400018,4.096290000000,10.000000000000
1324400018,4.096800000000,0.020610000000
1324400018,4.096900000000,3.216690000000
1324400018,4.097070000000,10.000000000000
1324400018,4.097520000000,8.034423510000
1324400022,4.059010000000,0.000029350000
1324400031,4.059010000000,9.221000000000
1324400036,4.097520000000,0.000029280000
1324400048,4.066300000000,10.000000000000
1324400048,4.065080000000,10.000000000000
1324400048,4.063860000000,0.280000000000
1324400051,4.063860000000,0.000029100000
1324400064,4.063860000000,9.440000000000
1324400070,4.098300000000,0.000029280000
1324400086,4.063860000000,0.000029100000
1324400094,4.063860000000,0.279941800000
1324400095,4.062700000000,4.730000000000
1324400095,4.062640000000,5.270058200000
1324400098,4.094880000000,0.000029300000
1324400109,4.064040000000,0.044693440000
1324400110,4.063000000000,10.000000000000
1324400110,4.062640000000,4.729941800000
1324400110,4.061420000000,1.605364760000
1324400112,4.061420000000,0.000029120000
1324400130,4.094780000000,0.000029300000
1324400143,4.063000000000,4.775000000000
1324400146,4.063000000000,0.000029120000
1324400156,4.063000000000,2.000000000000
1324400157,4.063000000000,13.710000000000
1324400158,4.063000000000,0.037687740000
1324400159,4.094670000000,0.000029300000
1324400170,4.070000000000,10.000000000000
1324400170,4.063000000000,3.230000000000
1324400174,4.063000000000,0.000029120000
1324400187,4.063000000000,3.360000000000
1324400192,4.094670000000,0.000029300000
1324400204,4.063000000000,10.540000000000
1324400210,4.063000000000,0.000029120000
1324400221,4.063000000000,5.394224900000
1324400221,4.063000000000,4.805775100000
1324400224,4.094780000000,0.000029300000
1324400234,4.070000000000,34.000000000000
1324400238,4.070000000000,0.000029120000
1324400247,4.094670000000,6.335241400000
1324400251,4.094670000000,55.454204160000
1324400252,4.094670000000,10.000000000000
1324400253,4.094670000000,8.130000000000
1324400255,4.094780000000,0.000029300000
1324400264,4.094670000000,0.003761590000
1324400265,4.094670000000,10.000000000000
1324400265,4.094670000000,8.130000000000
1324400271,4.094670000000,0.000029120000
1324400284,4.094780000000,5.549942100000
1324400284,4.094780000000,25.335493000000
1324400289,4.094960000000,0.000029300000
1324400299,4.094780000000,6.504000000000
1324400305,4.094780000000,0.000029120000
1324400319,4.094880000000,0.000029300000
1324400328,4.094780000000,12.610535780000
1324400329,4.094670000000,37.389464220000
1324400332,4.094670000000,0.000029120000
1324400349,4.094880000000,0.000029300000
1324400365,4.094670000000,0.000029120000
1324400376,4.094670000000,50.000000000000
1324400380,4.094880000000,0.000029300000
1324400391,4.094670000000,10.000000000000
1324400391,4.094670000000,1.070000000000
1324400393,4.094670000000,0.000029120000
1324400415,4.094960000000,0.000029300000
1324400425,4.094670000000,5.000000000000
1324400437,4.094670000000,0.000029120000
1324400455,4.094670000000,100.000000000000
1324400455,4.094670000000,3.651400000000
1324400460,4.094880000000,0.000029300000
1324400480,4.094670000000,1.264283030000
1324400480,4.090000000000,10.000000000000
1324400480,4.064870000000,0.000646970000
1324400481,4.064870000000,0.000029120000
1324400500,4.094960000000,0.000029300000
1324400514,4.090000000000,0.000029120000
1324400524,4.094960000000,0.000029300000
1324400536,4.090000000000,9.999970880000
1324400536,4.064870000000,5.549293910000
1324400536,4.064800000000,2.183935210000
1324400542,4.065000000000,0.000029120000
1324400558,4.094880000000,0.000029300000
1324400575,4.065000000000,0.000029120000
1324400590,4.090000000000,0.000029330000
1324400600,4.065000000000,21.800000000000
1324400601,4.090000000000,4.999970670000
1324400601,4.090000000000,0.085831970000
1324400602,4.090000000000,0.000029150000
1324400616,4.090000000000,4.914168210000
1324400621,4.094880000000,0.000029300000
1324400635,4.065000000000,0.000029120000
1324400646,4.094860000000,0.000029300000
1324400673,4.094000000000,0.000029120000
1324400699,4.094870000000,0.000029300000
1324400712,4.065000000000,0.000029120000
1324400728,4.094870000000,0.000029300000
1324400747,4.090000000000,0.000029120000
1324400760,4.094800000000,0.000029300000
1324400777,4.065000000000,0.000029120000
1324400790,4.094000000000,20.000000000000
1324400793,4.094870000000,0.000029300000
1324400807,4.073500000000,0.000029120000
1324400823,4.094870000000,0.000029300000
1324400837,4.073500000000,0.000029120000
1324400858,4.094850000000,0.000029300000
1324400870,4.094000000000,0.122500000000
1324400881,4.094000000000,0.000029120000
1324400907,4.094870000000,0.000029300000
1324400915,4.094000000000,9.877470880000
1324400915,4.073500000000,0.456051300000
1324400915,4.065000000000,28.199854400000
1324400916,4.065000000000,0.142323420000
1324400923,4.065000000000,0.000029120000
1324400940,4.094800000000,0.000029300000
1324400952,4.065000000000,7.334600000000
1324400953,4.065000000000,0.000029120000
1324400955,4.094800000000,19.999970700000
1324400955,4.094800000000,13.410000000000
1324400955,4.094800000000,5.640000000000
1324400955,4.094870000000,7.733793500000
1324400955,4.094880000000,2.058497440000
1324400975,4.094960000000,0.000029300000
1324400988,4.065000000000,0.000029120000
1324400997,4.089030000000,0.050000000000
1324401001,4.094880000000,0.000029300000
1324401014,4.065000000000,0.000029120000
1324401015,4.065000000000,2.522960100000
1324401015,4.065000000000,20.191369900000
1324401023,4.086490000000,0.800090000000
1324401032,4.094000000000,0.000029310000
1324401043,4.089030000000,0.033933370000
1324401045,4.089030000000,20.360000000000
1324401047,4.065000000000,0.000029130000
1324401057,4.089030000000,30.000000000000
1324401072,4.094000000000,0.000029310000
1324401085,4.089030000000,0.000029130000
1324401107,4.094000000000,0.000029310000
1324401120,4.066000000000,0.000029130000
1324401135,4.093000000000,0.000029310000
1324401162,4.066000000000,0.000029130000
1324401172,4.093000000000,0.000029310000
1324401185,4.066000000000,0.000029130000
1324401195,4.092980000000,9.163000000000
1324401195,4.093000000000,4.310924810000
1324401197,4.094000000000,0.000029310000
1324401213,4.093000000000,0.000029130000
1324401226,4.094000000000,0.000029310000
1324401237,4.094000000000,0.039388770000
1324401241,4.093000000000,0.000029130000
1324401251,4.094880000000,0.000029300000
1324401271,4.093000000000,0.000029120000
1324401282,4.094000000000,0.000029310000
1324401295,4.093000000000,6.000000000000
1324401299,4.093000000000,0.000029130000
1324401309,4.094880000000,0.000029300000
1324401337,4.093000000000,0.000029120000
1324401348,4.093000000000,6.300000000000
1324401361,4.094000000000,0.000029310000
1324401372,4.093000000000,74.225929560000
1324401373,4.089030000000,0.000029130000
1324401394,4.093000000000,0.000029310000
1324401421,4.066300000000,0.000029130000
1324401428,4.090000000000,25.774070440000
1324401429,4.094000000000,2.000000000000
1324401432,4.094880000000,0.000029300000
1324401442,4.090000000000,4.225929560000
1324401442,4.089030000000,32.143908130000
1324401448,4.066300000000,0.000029120000
1324401457,4.089030000000,3.193844740000
1324401458,4.089030000000,1.032084820000
1324401458,4.066300000000,60.967915180000
1324401464,4.094000000000,0.000029310000
1324401477,4.066300000000,0.000029130000
1324401487,4.066300000000,17.091024860000
1324401490,4.089900000000,0.000029340000
1324401504,4.066300000000,0.000029160000
1324401522,4.089900000000,0.000029340000
1324401535,4.066300000000,0.000029160000
1324401548,4.086630000000,0.000029360000
1324401560,4.066400000000,0.000029180000
1324401568,4.086630000000,0.030513490000
1324401568,4.088930000000,4.225929560000
1324401569,4.088930000000,8.705000000000
1324401569,4.088930000000,20.000000000000
1324401571,4.089900000000,0.000029340000
1324401581,4.088930000000,17.038556950000
1324401581,4.066400000000,2.961413870000
1324401588,4.066400000000,0.000029160000
1324401601,4.066400000000,17.038527790000
1324401601,4.066300000000,2.961443030000
1324401603,4.089900000000,0.000029340000
1324401615,4.066300000000,17.038556950000
1324401620,4.066300000000,0.000029160000
1324401631,4.066300000000,17.038527790000
1324401632,4.066300000000,44.409871380000
1324401632,4.066300000000,4.730000000000
1324401632,4.066300000000,4.730000000000
1324401632,4.066300000000,1.000000000000
1324401632,4.066000000000,2.030128620000
1324401636,4.088830000000,0.000029340000
1324401646,4.066200000000,10.440000000000
1324401651,4.066000000000,0.000029160000
1324401663,4.088800000000,0.000029340000
1324401676,4.066000000000,7.969842220000
1324401676,4.066000000000,8.570157780000
1324401680,4.066000000000,0.000029160000
1324401692,4.066000000000,16.540000000000
1324401697,4.088830000000,0.000029340000
1324401708,4.066000000000,9.350000000000
1324401710,4.066000000000,0.000029160000
1324401723,4.066200000000,0.000029510000
1324401733,4.066000000000,9.350000000000
1324401734,4.066000000000,0.000029330000
1324401742,4.066100000000,0.016300000000
1324401742,4.066000000000,6.189754570000
1324401742,4.066000000000,1.000000000000
1324401742,4.065000000000,5.093945430000
1324401745,4.066200000000,0.000029510000
1324401758,4.066200000000,2.331965620000
1324401760,4.066200000000,0.000029330000
1324401768,4.066200000000,17.668005050000
1324401768,4.065000000000,12.331994950000
1324401769,4.066200000000,10.130000000000
1324401770,4.088000000000,0.000029350000
1324401781,4.066200000000,9.870000000000
1324401782,4.065000000000,0.260000000000
1324401785,4.065000000000,0.000029170000
1324401802,4.088830000000,0.000029340000
1324401816,4.065010000000,8.106000000000
1324401824,4.065010000000,0.000029160000
1324401832,4.065010000000,1.893970840000
1324401832,4.065000000000,5.402029160000
1324401834,4.088830000000,0.000029340000
1324401844,4.065000000000,7.296000000000
1324401844,4.065000000000,1.893970840000
1324401846,4.065000000000,0.000029160000
1324401854,4.065000000000,6.566000000000
1324401854,4.065000000000,11.156001290000
1324401854,4.065000000000,5.124520410000
1324401854,4.064900000000,9.792730000000
1324401860,4.064900000000,0.000029520000
1324401879,4.064800000000,0.000029340000
1324401887,4.064800000000,4.151485450000
1324401892,4.064700000000,0.000029340000
1324401902,4.063000000000,5.180000000000
1324401905,4.063000000000,0.000029160000
1324401919,4.064700000000,0.000029520000
1324401928,4.063000000000,20.014195740000
1324401929,4.062900000000,5.180029160000
1324401929,4.064700000000,4.151514790000
1324401929,4.064700000000,4.151485270000
1324401929,4.064700000000,4.151485450000
1324401929,4.064700000000,17.343536460000
1324401930,4.064700000000,4.662000000000
1324401936,4.064700000000,0.000029340000
1324401945,4.064700000000,0.215219530000
1324401956,4.062900000000,0.000029530000
1324401965,4.062680000000,0.044321270000
1324401965,4.061420000000,3.359536120000
1324401965,4.059000000000,0.000950970000
1324401965,4.059000000000,0.791191640000
1324401970,4.059000000000,0.000029350000
1324401980,4.062900000000,0.000029530000
1324401991,4.059000000000,3.776000000000
1324401992,4.059000000000,0.000029350000
1324402001,4.059000000000,3.776000000000
1324402003,4.062900000000,0.000029530000
1324402014,4.059000000000,3.398000000000
1324402018,4.059000000000,0.000029350000
1324402026,4.062900000000,7.731207220000
1324402026,4.062900000000,3.020000000000
1324402029,4.064900000000,0.000029520000
1324402041,4.062900000000,2.680000000000
1324402043,4.062900000000,0.000029340000
1324402052,4.062900000000,2.378000000000
1324402055,4.064900000000,0.000029520000
1324402071,4.062900000000,2.110000000000
1324402077,4.062900000000,0.000029340000
1324402086,4.062900000000,1.662000000000
1324402107,4.064700000000,0.000029520000
1324402120,4.062900000000,0.000029340000
1324402129,4.062900000000,1.496000000000
1324402131,4.064700000000,0.000029520000
1324402141,4.062900000000,1.496000000000
1324402151,4.062900000000,0.000029340000
1324402160,4.062900000000,1.197000000000
1324402165,4.064700000000,0.000029520000
1324402175,4.062900000000,25.105200000000
1324402175,4.062900000000,1.077000000000
1324402181,4.062900000000,0.000029340000
1324402191,4.064700000000,0.000029520000
1324402204,4.062900000000,0.000029340000
1324402231,4.064700000000,0.000029520000
1324402243,4.062900000000,0.969400000000
1324402244,4.062900000000,49.078016740000
1324402251,4.059000000000,0.000029340000
1324402265,4.059990000000,0.000029550000
1324402289,4.059000000000,0.000029370000
1324402296,4.059000000000,0.872400000000
1324402298,4.062900000000,0.000029530000
1324402308,4.059000000000,0.872400000000
1324402312,4.059000000000,0.000029350000
1324402321,4.059000000000,0.785200000000
1324402326,4.062900000000,0.000029530000
1324402339,4.059000000000,14.257503340000
1324402339,4.059000000000,21.471128910000
1324402344,4.058970000000,0.000029350000
1324402354,4.058970000000,1.000000000000
1324402356,4.059000000000,0.000029560000
1324402366,4.059000000000,28.528841530000
1324402366,4.059000000000,3.929221980000
1324402366,4.059990000000,21.541936490000
1324402368,4.058970000000,0.000029380000
1324402377,4.058970000000,0.619400000000
1324402379,4.064700000000,0.000029520000
1324402389,4.058970000000,0.619400000000
1324402392,4.058970000000,4.047324300000
1324402392,4.057750000000,10.000000000000
1324402392,4.057200000000,0.352377160000
1324402392,4.057200000000,0.021320900000
1324402392,4.057200000000,0.014235650000
1324402392,4.057170000000,0.135190000000
1324402392,4.056530000000,8.436851990000
1324402393,4.056530000000,0.000029340000
1324402409,4.064700000000,0.000029520000
1324402419,4.059000000000,3.490000000000
1324402422,4.059000000000,27.813393970000
1324402425,4.059000000000,0.000029340000
1324402436,4.059000000000,50.000000000000
1324402436,4.059000000000,10.000000000000
1324402437,4.059000000000,10.500000000000
1324402439,4.064700000000,0.000029520000
1324402449,4.059000000000,10.150000000000
1324402452,4.059000000000,0.000029340000
1324402460,4.059000000000,9.096000000000
1324402465,4.064700000000,0.000029520000
1324402475,4.059000000000,8.082000000000
1324402478,4.059000000000,0.000029340000
1324402485,4.059000000000,7.172000000000
1324402486,4.059000000000,500.000000000000
1324402488,4.062900000000,0.000029530000
1324402500,4.059000000000,6.364000000000
1324402503,4.059000000000,7.332518010000
1324402503,4.059000000000,31.426373490000
1324402503,4.059000000000,13.057403300000
1324402503,4.056530000000,1.563118670000
1324402503,4.055310000000,10.000000000000
1324402503,4.054090000000,10.000000000000
1324402503,4.052980000000,0.227130000000
1324402503,4.052870000000,10.000000000000
1324402503,4.052470000000,0.051330000000
1324402503,4.052120000000,0.094060000000
1324402503,4.052120000000,0.114110000000
1324402503,4.051650000000,10.000000000000
1324402503,4.050630000000,0.025450000000
1324402503,4.050470000000,0.202620000000
1324402503,4.050430000000,10.000000000000
1324402503,4.050100000000,95.905886530000
1324402506,4.050100000000,0.000029350000
1324402517,4.062900000000,0.000029530000
1324402534,4.050100000000,0.000029350000
1324402547,4.064700000000,0.000029520000
1324402557,4.050100000000,14.093960180000
1324402557,4.050100000000,0.081771720000
1324402557,4.050000000000,36.026484190000
1324402561,4.050000000000,0.000029340000
1324402571,4.056530000000,0.000029580000
1324402581,4.050100000000,0.016500000000
1324402581,4.050100000000,10.485700000000
1324402583,4.056530000000,38.160000000000
1324402584,4.050000000000,0.000029400000
1324402599,4.050100000000,0.000029620000
1324402609,4.050000000000,14.810000000000
1324402609,4.050100000000,0.535600000000
1324402616,4.050000000000,0.000029440000
1324402627,4.050000000000,0.846300000000
1324402628,4.050100000000,85.024200000000
1324402628,4.050000000000,48.317127630000
1324402628,4.050000000000,12.000000000000
1324402628,4.050000000000,10.000000000000
1324402628,4.050000000000,0.740775300000
1324402628,4.050000000000,0.400000000000
1324402628,4.050000000000,0.000844440000
1324402628,4.049220000000,10.000000000000
1324402628,4.048960000000,0.140130000000
1324402628,4.048010000000,10.000000000000
1324402628,4.047400000000,0.352442430000
1324402629,4.047400000000,0.021378870000
1324402629,4.047400000000,0.014239710000
1324402629,4.046840000000,0.137230000000
1324402629,4.046800000000,10.000000000000
1324402629,4.046300000000,5.094290000000
1324402629,4.046300000000,58.751000000000
1324402629,4.045590000000,10.000000000000
1324402629,4.045270000000,70.879060810000
1324402629,4.045270000000,50.000000000000
1324402629,4.045000000000,13.500000000000
1324402629,4.044380000000,10.000000000000
1324402629,4.043360000000,0.042560000000
1324402629,4.043170000000,10.000000000000
1324402629,4.042970000000,0.126170000000
1324402629,4.042840000000,0.011360000000
1324402629,4.041960000000,10.000000000000
1324402629,4.041180000000,0.946310000000
1324402629,4.040750000000,10.000000000000
1324402629,4.039540000000,10.000000000000
1324402629,4.039220000000,3.000000000000
1324402629,4.038330000000,10.000000000000
1324402630,4.038000000000,500.000000000000
1324402630,4.038000000000,46.456200000000
1324402630,4.037970000000,0.043900000000
1324402630,4.037600000000,0.352455970000
1324402630,4.037600000000,0.021387470000
1324402630,4.037600000000,0.014250660000
1324402630,4.037120000000,10.000000000000
1324402630,4.037030000000,0.444800000000
1324402630,4.035910000000,10.000000000000
1324402630,4.035880000000,2.727890000000
1324402630,4.035670000000,0.024240000000
1324402630,4.034700000000,10.000000000000
1324402630,4.033620000000,0.045030000000
1324402630,4.031080000000,0.610280000000
1324402630,4.030570000000,0.055462270000
1324402630,4.030120000000,0.058640000000
1324402630,4.030010000000,0.053020000000
1324402630,4.030000000000,5.000000000000
1324402630,4.030000000000,0.000017360000
1324402630,4.030000000000,17.500000000000
1324402630,4.030000000000,0.733744410000
1324402630,4.027800000000,0.021383890000
1324402631,4.027800000000,0.352498880000
1324402631,4.027800000000,0.014247210000
1324402631,4.025830000000,2.949550000000
1324402631,4.025000000000,7.000000000000
1324402631,4.023000000000,0.500000000000
1324402631,4.021790000000,1.027080000000
1324402631,4.020000000000,1.022890000000
1324402631,4.020000000000,10.000000000000
1324402631,4.019450000000,5.482750000000
1324402631,4.018730000000,3.042857140000
1324402631,4.018000000000,0.014249560000
1324402631,4.018000000000,0.352425820000
1324402631,4.018000000000,0.021387180000
1324402631,4.017100000000,0.168130000000
1324402631,4.016320000000,0.453240000000
1324402631,4.014130000000,1.107220000000
1324402631,4.014060000000,0.011480000000
1324402631,4.013710000000,0.100350000000
1324402631,4.013620000000,0.023790000000
1324402631,4.012340000000,8.823700000000
1324402631,4.011500000000,0.127360000000
1324402631,4.011000000000,10.000000000000
1324402632,4.010860000000,0.138648350000
1324402632,4.010230000000,4.000000000000
1324402632,4.010000000000,3.824072310000
1324402632,4.010000000000,1.022890000000
1324402632,4.010000000000,5.000000000000
1324402632,4.010000000000,5.000000000000
1324402632,4.008200000000,0.014256690000
1324402632,4.008200000000,0.352444110000
1324402632,4.008200000000,0.021395320000
1324402632,4.008000000000,80.751000000000
1324402632,4.007000000000,100.000000000000
1324402632,4.004340000000,0.185100000000
1324402632,4.004340000000,0.171330000000
1324402632,4.001760000000,0.021065930000
1324402632,4.001230000000,8.853100000000
1324402632,4.000940000000,0.347890000000
1324402632,4.000000000000,10.000000000000
1324402632,4.000000000000,100.000000000000
1324402632,4.000000000000,6.800000000000
1324402632,4.000000000000,20.000000000000
1324402632,4.000000000000,28.950000000000
1324402632,4.000000000000,7.550000000000
1324402632,4.000000000000,85.763980280000
1324402640,4.050100000000,0.000029620000
1324402655,4.010790000000,0.000029440000
1324402673,4.050000000000,0.000029620000
1324402688,4.010800000000,0.000029440000
1324402704,4.056530000000,0.000029580000
1324402721,4.010890000000,0.000029400000
1324402736,4.050000000000,0.190000000000
1324402741,4.050080000000,0.000029620000
1324402753,4.050000000000,13.790000000000
1324402755,4.050000000000,0.000029440000
1324402765,4.050000000000,0.010000000000
1324402770,4.050100000000,0.000029620000
1324402785,4.010990000000,0.000029440000
1324402801,4.050080000000,0.000029620000
1324402820,4.016020000000,0.000029440000
1324402841,4.056530000000,0.000029580000
1324402858,4.045000000000,0.000029400000
1324402869,4.056530000000,0.000029580000
1324402879,4.045010000000,0.664258120000
1324402879,4.045000000000,4.175741880000
1324402881,4.045000000000,0.000029400000
1324402892,4.045000000000,0.900000000000
1324402892,4.045000000000,4.840000000000
1324402895,4.056530000000,0.000029580000
1324402911,4.045000000000,0.000029400000
1324402919,4.056530000000,0.480000000000
1324402920,4.045000000000,3.872000000000
1324402926,4.056530000000,0.000029580000
1324402936,4.045000000000,1.000000000000
1324402936,4.045000000000,30.480043860000
1324402936,4.045000000000,3.486000000000
1324402940,4.045000000000,0.000029400000
1324402949,4.045000000000,3.486000000000
1324402952,4.056530000000,0.000029580000
1324402962,4.045000000000,3.136000000000
1324402965,4.045000000000,0.000029400000
1324402974,4.045000000000,2.788000000000
1324402978,4.056530000000,0.000029580000
1324402991,4.045000000000,2.474000000000
1324402996,4.045010000000,0.000029400000
1324403008,4.056530000000,0.000029580000
1324403021,4.045010000000,1.948000000000
1324403023,4.045010000000,0.000029400000
1324403034,4.045010000000,1.948000000000
1324403041,4.056530000000,0.000029580000
1324403050,4.056530000000,0.134755560000
1324403051,4.045010000000,1.559000000000
1324403054,4.045010000000,0.000029400000
1324403066,4.045010000000,1.559000000000
1324403068,4.056530000000,0.000029580000
1324403080,4.056500000000,0.008135090000
1324403080,4.045010000000,1.394864910000
1324403082,4.045010000000,0.000029400000
1324403093,4.045010000000,1.247000000000
1324403098,4.056530000000,0.000029580000
1324403114,4.045010000000,0.344017490000
1324403114,4.045000000000,0.762982510000
1324403120,4.045000000000,0.000029400000
1324403131,4.045000000000,0.981800000000
1324403133,4.051000000000,0.000029620000
1324403144,4.045000000000,0.957808020000
1324403146,4.045000000000,0.871200000000
1324403152,4.040000000000,0.000029440000
1324403156,4.051000000000,0.000029620000
1324403171,4.051000000000,0.000029620000
1324403181,4.051000000000,0.000059240000
1324403186,4.045000000000,1.000000000000
1324403186,4.045000000000,0.010000000000
1324403189,4.045000000000,0.000029440000
1324403192,4.051000000000,0.000059240000
1324403201,4.051000000000,26.315800000000
1324403202,4.045000000000,6.641069300000
1324403204,4.051000000000,0.000029620000
1324403214,4.051000000000,3.683963040000
1324403214,4.056530000000,21.315888860000
1324403215,4.045000000000,0.577861580000
1324403215,4.045000000000,15.562765640000
1324403220,4.045000000000,0.000029440000
1324403233,4.056500000000,0.000029580000
1324403243,4.045000000000,6.641069300000
1324403253,4.045000000000,0.000029400000
1324403264,4.051000000000,2.000000000000
1324403265,4.045000000000,6.641069300000
1324403273,4.056530000000,0.000029580000
1324403285,4.045000000000,0.000029400000
1324403302,4.056530000000,0.000029580000
1324403313,4.045000000000,2.300000000000
1324403313,4.056530000000,8.198941460000
1324403316,4.056530000000,0.000029400000
1324403330,4.060000000000,0.000029550000
1324403347,4.045000000000,0.000029370000
1324403366,4.060000000000,0.000029550000
1324403390,4.056530000000,0.000029370000
1324403401,4.060000000000,0.000029550000
1324403414,4.056530000000,0.000029370000
1324403423,4.056530000000,10.690000000000
1324403432,4.060000000000,0.000029550000
1324403448,4.056530000000,0.110970400000
1324403456,4.045000000000,0.000029370000
1324403465,4.045000000000,9.606000000000
1324403466,4.060000000000,0.000029550000
1324403476,4.045000000000,0.750000000000
1324403476,4.045000000000,9.606000000000
1324403479,4.045000000000,0.000029370000
1324403488,4.045000000000,8.646000000000
1324403488,4.045000000000,0.010000000000
1324403493,4.060000000000,0.000029550000
1324403506,4.045000000000,7.684000000000
1324403510,4.040000000000,0.000029370000
1324403518,4.045000000000,9.950000000000
1324403521,4.045000000000,6.641064350000
1324403521,4.045000000000,6.641000000000
1324403536,4.060000000000,0.000029550000
1324403546,4.045000000000,6.052000000000
1324403547,4.045000000000,2.000000000000
1324403549,4.040100000000,0.000029370000
1324403560,4.045000000000,5.388000000000
1324403562,4.060000000000,0.000029550000
1324403573,4.045000000000,4.782000000000
1324403575,4.045000000000,0.000029370000
1324403583,4.045000000000,32.167580000000
1324403587,4.060000000000,0.000029550000
1324403597,4.040000000000,1.450000000000
1324403599,4.045000000000,3.766000000000
1324403601,4.045000000000,0.000029370000
1324403609,4.045000000000,3.119328620000
1324403611,4.045000000000,3.766000000000
1324403613,4.060000000000,0.000029550000
1324403624,4.045000000000,3.388000000000
1324403626,4.045000000000,77.451174710000
1324403626,4.045000000000,1.000000000000
1324403627,4.045000000000,1.000000000000
1324403629,4.040000000000,0.000029370000
1324403637,4.045000000000,0.486865260000
1324403640,4.040000000000,4.831004950000
1324403640,4.040000000000,0.360000000000
1324403642,4.040000000000,0.000027220000
1324403642,4.059980000000,0.000002460000
1324403655,4.030000000000,0.000029510000
1324403666,4.040100000000,0.016600000000
1324403674,4.060000000000,0.000029550000
1324403684,4.059990000000,1.337000000000
1324403686,4.059990000000,4.730000000000
1324403690,4.059990000000,0.000029370000
1324403704,4.060000000000,0.000029550000
1324403714,4.059990000000,1.269000000000
1324403717,4.059990000000,1.663970630000
1324403721,4.030000000000,0.000029370000
1324403733,4.059900000000,4.730000000000
1324403733,4.059990000000,1.269029370000
1324403735,4.060000000000,0.000029550000
1324403745,4.059990000000,1.206000000000
1324403750,4.059990000000,0.000029370000
1324403759,4.059990000000,1.206000000000
1324403760,4.059990000000,0.914541260000
1324403761,4.059990000000,0.000162560000
1324403761,4.059980000000,1.085296180000
1324403761,4.060000000000,0.799615850000
1324403761,4.060000000000,8.000000000000
1324403761,4.060000000000,1.000000000000
1324403761,4.060000000000,1.000000000000
1324403761,4.060000000000,1.000000000000
1324403761,4.060000000000,1.000000000000
1324403761,4.062900000000,9.999881880000
1324403761,4.062900000000,13.410000000000
1324403761,4.063900000000,48.410000000000
1324403761,4.064700000000,0.999704800000
1324403761,4.064900000000,5.963181440000
1324403761,4.064900000000,22.846521700000
1324403761,4.065000000000,25.000000000000
1324403762,4.077020000000,0.178168770000
1324403762,4.081430000000,0.012610000000
1324403762,4.081830000000,0.035400000000
1324403762,4.084410000000,10.000000000000
1324403762,4.085640000000,10.000000000000
1324403762,4.086870000000,10.000000000000
1324403762,4.087640000000,0.010770000000
1324403762,4.087820000000,0.025670000000
1324403762,4.088100000000,10.000000000000
1324403762,4.088300000000,9.868828110000
1324403768,4.088300000000,0.000029350000
1324403791,4.045000000000,0.000029170000
1324403805,4.059500000000,0.000029560000
1324403821,4.059330000000,0.300000000000
1324403821,4.059330000000,0.000029380000
1324403830,4.059330000000,2.170000000000
1324403832,4.059500000000,0.000029560000
1324403849,4.059330000000,2.170000000000
1324403856,4.059330000000,0.000029380000
1324403867,4.059500000000,13.402397760000
1324403867,4.063870000000,0.020910000000
1324403874,4.064100000000,1.736000000000
1324403878,4.068420000000,0.000029490000
1324403888,4.064100000000,1.736000000000
1324403890,4.064100000000,0.000029310000
1324403900,4.064100000000,1.562000000000
1324403908,4.068420000000,0.000029490000
1324403922,4.064100000000,1.232000000000
1324403924,4.059330000000,0.000029310000
1324403939,4.068420000000,0.000029490000
1324403948,4.064100000000,4.916362930000
1324403952,4.058110000000,0.000029310000
1324403964,4.064000000000,1.232000000000
1324403964,4.068420000000,0.105851530000
1324403969,4.069520000000,0.000029480000
1324403983,4.068420000000,1.109000000000
1324403983,4.068420000000,1.977448470000
1324403988,4.058110000000,0.000029300000
1324403999,4.059330000000,1.109000000000
1324404001,4.059990000000,0.000029550000
1324404012,4.059330000000,4.250911930000
1324404023,4.056890000000,0.000029370000
1324404036,4.059330000000,0.000029560000
1324404047,4.058110000000,0.957000000000
1324404049,4.056890000000,0.000029380000
1324404061,4.059330000000,0.000029560000
1324404070,4.059330000000,3.214628950000
1324404070,4.059990000000,1.785371050000
1324404072,4.058110000000,0.000029380000
1324404082,4.059990000000,0.000029550000
1324404111,4.056890000000,0.000029370000
1324404125,4.059990000000,0.000029550000
1324404139,4.058110000000,0.000029370000
1324404151,4.059990000000,0.000029550000
1324404165,4.058110000000,0.000029370000
1324404181,4.059990000000,0.000029550000
1324404190,4.058110000000,0.220000000000
1324404195,4.058110000000,0.000029370000
1324404207,4.059990000000,0.000029550000
1324404224,4.058110000000,0.000029370000
1324404236,4.059990000000,0.000029550000
1324404251,4.058110000000,0.000029370000
1324404265,4.059990000000,0.000029550000
1324404275,4.058110000000,8.822765160000
1324404281,4.055670000000,0.000029370000
1324404299,4.058110000000,0.000029570000
1324404323,4.055670000000,0.000029390000
1324404335,4.056890000000,9.999911880000
1324404338,4.056890000000,0.000029570000
1324404357,4.034160000000,0.000029390000
1324404366,4.055670000000,1.000000000000
1324404373,4.056890000000,0.000029570000
1324404385,4.034160000000,0.000029390000
1324404399,4.056800000000,0.000029570000
1324404419,4.036600000000,0.000029390000
1324404435,4.056880000000,0.000029570000
1324404452,4.036600000000,0.000029390000
1324404466,4.056880000000,0.000029570000
1324404483,4.055670000000,0.000029390000
1324404494,4.056880000000,0.000029570000
1324404513,4.055670000000,0.000029390000
1324404524,4.056880000000,0.000029570000
1324404541,4.055670000000,0.000029390000
1324404558,4.056880000000,0.000029570000
1324404567,4.055670000000,6.000000000000
1324404570,4.036600000000,0.000029390000
1324404582,4.056880000000,0.000029570000
1324404596,4.036600000000,0.000029390000
1324404611,4.056800000000,0.000029570000
1324404624,4.036600000000,0.000029390000
1324404632,4.056800000000,15.170000000000
1324404632,4.056880000000,17.297215130000
1324404632,4.056890000000,14.000028980000
1324404632,4.058110000000,15.532755890000
1324404649,4.058110000000,0.000029570000
1324404663,4.055670000000,0.000029390000
1324404681,4.058110000000,0.000029570000
1324404702,4.036600000000,0.000029390000
1324404711,4.055670000000,2.999823680000
1324404711,4.036600000000,0.459346660000
1324404711,4.036600000000,10.540000000000
1324404717,4.036600000000,0.000029720000
1324404739,4.034160000000,0.000029540000
1324404751,4.058110000000,0.000029570000
1324404761,4.034160000000,0.045280030000
1324404761,4.034160000000,9.599680040000
1324404767,4.036600000000,0.000029390000
1324404780,4.058110000000,0.000029570000
1324404794,4.036600000000,0.000029390000
1324404806,4.058110000000,0.000029570000
1324404820,4.036600000000,0.000029390000
1324404828,4.036600000000,3.000000000000
1324404830,4.058110000000,0.000029570000
1324404842,4.036600000000,0.000029390000
1324404853,4.058110000000,0.000029570000
1324404877,4.036600000000,0.000029390000
1324404884,4.058110000000,0.644242390000
1324404889,4.059990000000,0.000029550000
1324404901,4.058110000000,0.000029370000
1324404911,4.059990000000,0.000029550000
1324404923,4.058110000000,0.000029370000
1324404932,4.058110000000,19.355698870000
1324404932,4.036600000000,17.400173010000
1324404932,4.031000000000,33.000000000000
1324404932,4.030100000000,20.000000000000
1324404932,4.030000000000,1.005781120000
1324404932,4.027570000000,0.010280000000
1324404932,4.025050000000,0.033500000000
1324404932,4.020000000000,0.500000000000
1324404932,4.020000000000,10.000000000000
1324404932,4.019000000000,1.005840000000
1324404932,4.018110000000,65.000000000000
1324404932,4.017600000000,0.065540000000
1324404932,4.016020000000,0.035060000000
1324404932,4.011000000000,25.000000000000
1324404932,4.011000000000,17.452000000000
1324404932,4.010790000000,0.081720560000
1324404932,4.010010000000,20.000000000000
1324404932,4.010000000000,30.000000000000
1324404932,4.010000000000,16.500000000000
1324404933,4.009440000000,0.010430000000
1324404933,4.008000000000,0.805000000000
1324404933,4.005650000000,230.000000000000
1324404933,4.005000000000,12.049200000000
1324404933,4.003360000000,0.141770000000
1324404933,4.002350000000,0.972750000000
1324404933,4.001000000000,50.000000000000
1324404933,4.001000000000,30.673500000000
1324404933,4.001000000000,73.410000000000
1324404933,4.000200000000,10.000000000000
1324404933,4.000100000000,0.042222280000
1324404933,4.000010000000,10.000000000000
1324404933,4.000000000000,14.236019720000
1324404933,4.000000000000,100.000000000000
1324404933,4.000000000000,102.981200000000
1324404933,4.000000000000,5.900000000000
1324404933,4.000000000000,57.500000000000
1324404933,4.000000000000,9.000000000000
1324404933,4.000000000000,5.500000000000
1324404933,4.000000000000,259.267665000000
1324404935,4.000000000000,10.000000000000
1324404940,4.000000000000,0.000030000000
1324404953,4.000000000000,0.042221900000
1324404955,3.999910000000,0.000029820000
1324404962,4.000000000000,10.000000000000
1324404963,4.000000000000,0.078350000000
1324404966,4.000000000000,0.000030000000
1324404976,4.000000000000,10.000000000000
1324404976,4.000000000000,10.000000000000
1324404980,3.999910000000,0.000029820000
1324404987,4.000000000000,0.015850000000
1324404990,4.000000000000,0.000030000000
1324405001,4.000000000000,0.078260000000
1324405002,4.000000000000,10.000000000000
1324405002,4.000000000000,150.000000000000
1324405002,4.000000000000,0.966010000000
1324405004,3.999910000000,0.000029820000
1324405011,4.000000000000,1.000000000000
1324405013,3.999910000000,0.050774490000
1324405019,3.999910000000,0.000030000000
1324405029,3.999910000000,5.692923090000
1324405030,3.999910000000,0.078350000000
1324405036,3.999260000000,0.000029820000
1324405044,3.999910000000,0.051972730000
1324405044,3.999910000000,4.125949690000
1324405044,3.999910000000,0.330000000000
1324405044,4.000000000000,45.544050310000
1324405045,3.999590000000,0.050800000000
1324405045,3.999260000000,0.023830180000
1324405045,3.999000000000,1.005840000000
1324405045,3.998970000000,0.429160000000
1324405045,3.998400000000,0.014269930000
1324405046,3.998400000000,0.021456690000
1324405046,3.998400000000,0.352347770000
1324405046,3.997930000000,0.311380000000
1324405046,3.997210000000,0.021280000000
1324405046,3.997000000000,7.769635430000
1324405046,4.000000000000,0.320000000000
1324405047,4.000000000000,1.000000000000
1324405050,4.000000000000,0.000030000000
1324405060,4.000000000000,2.019787230000
1324405068,4.016800000000,0.000029820000
1324405076,4.016800000000,0.015820180000
1324405076,4.008400000000,0.078260000000
1324405076,4.000000000000,67.980212770000
1324405077,3.998060000000,0.123030000000
1324405077,3.997000000000,61.549064570000
1324405077,3.996120000000,0.193650000000
1324405077,3.995620000000,0.019100000000
1324405077,3.995290000000,4.602740000000
1324405077,3.990000000000,15.000000000000
1324405077,3.988740000000,4.058240000000
1324405077,3.988600000000,0.014279180000
1324405077,3.988600000000,0.021474730000
1324405077,3.988600000000,0.352378700000
1324405077,3.986720000000,0.074380000000
1324405077,3.985940000000,0.227230000000
1324405077,3.985940000000,0.228340000000
1324405077,3.982170000000,0.049000000000
1324405077,3.982000000000,0.126000000000
1324405077,3.981000000000,99.090000000000
1324405077,3.981000000000,59.090000000000
1324405078,3.980030000000,0.259560000000
1324405078,3.980000000000,1100.000000000000
1324405078,3.979000000000,1.005840000000
1324405078,3.978800000000,0.014285810000
1324405078,3.978800000000,0.021486800000
1324405078,3.978800000000,0.352409680000
1324405078,3.978250000000,1.137700000000
1324405078,3.977910000000,1.000000000000
1324405078,3.976660000000,30.000000000000
1324405078,3.975500000000,0.107720000000
1324405078,3.974810000000,0.010140000000
1324405078,3.974570000000,0.219900000000
1324405078,3.974060000000,0.866370000000
1324405078,3.972080000000,1.051900000000
1324405078,3.972000000000,10.000000000000
1324405078,3.971750000000,5.323170000000
1324405078,3.970000000000,500.000000000000
1324405078,3.969000000000,0.014280040000
1324405078,3.969000000000,0.021431720000
1324405078,3.969000000000,0.352434410000
1324405078,3.967930000000,5.239430000000
1324405078,3.966880000000,0.956710000000
1324405078,3.966770000000,1.799000000000
1324405079,3.964370000000,0.044960000000
1324405079,3.961120000000,200.000000000000
1324405079,3.960020000000,0.127408440000
1324405079,3.960000000000,7.391959590000
1324405079,3.959200000000,0.014283550000
1324405079,3.959200000000,0.021439570000
1324405079,3.959200000000,0.352452320000
1324405079,3.959000000000,1.005840000000
1324405079,3.958680000000,0.240740000000
1324405079,3.957390000000,0.259000000000
1324405079,3.956340000000,8.823400000000
1324405079,3.954000000000,45.000000000000
1324405079,3.953070000000,0.062930000000
1324405079,3.952380000000,105.500000000000
1324405079,3.951000000000,18.885755500000
1324405079,3.950450000000,0.042890000000
1324405079,3.950000000000,10.000000000000
1324405079,3.950000000000,576.307488600000
1324405079,3.950000000000,1000.000000000000
1324405079,3.950000000000,14.233592400000
1324405079,3.950000000000,16.966202530000
1324405079,3.949820000000,0.084690860000
1324405079,3.949400000000,0.352407110000
1324405080,3.949400000000,0.021444160000
1324405080,3.949400000000,0.014286680000
1324405080,3.948260000000,0.185320000000
1324405080,3.947410000000,0.122490000000
1324405080,3.947160000000,0.012510000000
1324405080,3.945050000000,0.422520000000
1324405080,3.943500000000,43.550227560000
1324405080,3.940000000000,88.451800000000
1324405080,3.940000000000,1.000000000000
1324405080,3.939620000000,0.047380000000
1324405080,3.939600000000,0.298962530000
1324405080,3.939600000000,0.020320160000
1324405080,3.939600000000,0.010128300000
1324405080,3.939430000000,0.021118110000
1324405080,3.938800000000,3.700250000000
1324405080,3.938000000000,239.590703400000
1324405080,3.938000000000,0.585550000000
1324405080,3.938000000000,1.005840000000
1324405080,3.935720000000,0.550580000000
1324405081,3.935720000000,0.171420000000
1324405081,3.935720000000,0.333370000000
1324405081,3.935400000000,5.000000000000
1324405081,3.932650000000,1.414680000000
1324405081,3.930780000000,100.000000000000
1324405081,3.930250000000,0.295060000000
1324405081,3.930000000000,1.000000000000
1324405081,3.930000000000,3800.000000000000
1324405081,3.929800000000,0.298985270000
1324405081,3.929800000000,0.020348680000
1324405081,3.929800000000,0.010141840000
1324405081,3.929000000000,10.000000000000
1324405081,3.928120000000,0.035180000000
1324405081,3.928090000000,1.070736010000
1324405081,3.928000000000,50.000000000000
1324405081,3.926970000000,0.021137700000
1324405081,3.926900000000,7.639260000000
1324405081,3.926670000000,1.204260000000
1324405081,3.921900000000,0.012530000000
1324405081,3.921880000000,0.635440000000
1324405081,3.921880000000,0.363100000000
1324405081,3.921700000000,50.000000000000
1324405082,3.921000000000,5.000000000000
1324405082,3.920000000000,0.020331980000
1324405082,3.920000000000,0.329308000000
1324405082,3.920000000000,0.010142140000
1324405082,3.920000000000,5.000000000000
1324405082,3.920000000000,1.000000000000
1324405082,3.920000000000,0.100000000000
1324405082,3.920000000000,500.000000000000
1324405082,3.918000000000,1.005840000000
1324405082,3.915100000000,0.109420000000
1324405082,3.915000000000,101.000000000000
1324405082,3.914500000000,0.021158800000
1324405082,3.912150000000,7.199120000000
1324405082,3.911110000000,200.000000000000
1324405082,3.911000000000,110.000000000000
1324405082,3.911000000000,1476.150084370000
1324405082,3.910200000000,0.309155890000
1324405082,3.910200000000,0.020327380000
1324405082,3.910200000000,0.010139430000
1324405082,3.910100000000,4.740372360000
1324405082,3.910000000000,449.616400000000
1324405083,3.910000000000,19.740000000000
1324405083,3.910000000000,100.000000000000
1324405083,3.910000000000,5.040920710000
1324405083,3.910000000000,1.490578000000
1324405083,3.910000000000,1.000000000000
1324405083,3.910000000000,90.000000000000
1324405083,3.903530000000,2.713120000000
1324405083,3.902030000000,0.020298260000
1324405083,3.901000000000,0.217850000000
1324405083,3.900400000000,0.311440420000
1324405083,3.900400000000,0.021551080000
1324405083,3.900400000000,0.014317530000
1324405083,3.900100000000,16.806481880000
1324405083,3.900000000000,12127.827597430000
1324405083,3.900000000000,1.000000000000
1324405083,3.900000000000,10.000000000000
1324405083,3.900000000000,3.270000000000
1324405083,3.900000000000,1.000000000000
1324405083,3.900000000000,370.382554880000
1324405087,4.000760000000,0.290000000000
1324405090,4.058090000000,0.000029570000
1324405107,4.000760000000,0.000029390000
1324405118,4.000760000000,0.675980610000
1324405118,4.000400000000,0.099900000000
1324405118,3.967340000000,0.045875270000
1324405118,3.953370000000,0.096280000000
1324405118,3.934770000000,0.057782840000
1324405118,3.906830000000,0.024181280000
1324405129,3.999760000000,0.000030000000
1324405154,3.971050000000,0.000029820000
1324405164,3.980000000000,0.358495900000
1324405164,3.990000000000,0.358471400000
1324405164,3.999760000000,0.009970000000
1324405164,4.000000000000,9.800000000000
1324405164,4.000000000000,0.378436200000
1324405164,4.010000000000,0.348426700000
1324405164,4.020000000000,0.348416000000
1324405164,4.030000000000,0.348979000000
1324405164,4.030000000000,0.021235900000
1324405164,4.039220000000,3.000000000000
1324405164,4.040000000000,0.098512370000
1324405175,3.971050000000,0.010064890000
1324405175,3.950450000000,0.073310000000
1324405175,3.945660000000,0.073530000000
1324405176,3.942440000000,0.017400000000
1324405176,3.942340000000,0.015260000000
1324405176,3.937930000000,0.059970000000
1324405176,3.930000000000,1.000000000000
1324405176,3.928400000000,0.030140000000
1324405176,3.926830000000,5.137900000000
1324405176,3.920660000000,0.044230000000
1324405176,3.919170000000,2.539170000000
1324405176,3.918980000000,0.423840000000
1324405176,3.917600000000,0.375185110000
1324405186,3.980000000000,0.000030150000
1324405199,3.968920000000,0.028600000000
1324405199,3.937930000000,0.060840000000
1324405199,3.917600000000,0.123604890000
1324405199,3.913080000000,0.013210000000
1324405199,3.906830000000,0.269648720000
1324405199,3.900130000000,0.933990000000
1324405199,3.900000000000,129.617445120000
1324405199,3.900000000000,1.000000000000
1324405199,3.900000000000,1.000000000000
1324405199,3.900000000000,10.500000000000
1324405200,3.900000000000,8.108100000000
1324405200,3.900000000000,13.000000000000
1324405200,3.900000000000,4.200000000000
1324405200,3.900000000000,19.090000000000
1324405200,3.900000000000,49.090000000000
1324405201,3.900000000000,0.358495900000
1324405202,3.900000000000,0.030710000000
1324405203,3.900000000000,91.029628200000
1324405205,3.900000000000,0.021477820000
1324405206,3.900000000000,0.141000000000
1324405208,3.900000000000,0.352971540000
1324405208,3.900000000000,100.000000000000
1324405208,3.900000000000,3.000000000000
1324405209,3.900000000000,0.353020910000
1324405211,3.900000000000,0.650450000000
1324405211,3.900000000000,0.608490000000
1324405211,3.900000000000,0.353046490000
1324405212,3.900000000000,21.480000000000
1324405215,3.900000000000,0.383370910000
1324405217,3.900000000000,0.290000000000
1324405217,3.900000000000,0.363222540000
1324405218,3.900000000000,10.000000000000
1324405220,3.898830000000,0.000029970000
1324405230,3.900000000000,0.221590000000
1324405230,3.900000000000,0.363262620000
1324405232,3.900000000000,0.027880000000
1324405234,3.900000000000,10.000000000000
1324405234,3.900000000000,0.000030760000
1324405236,3.900000000000,0.073330000000
1324405236,3.900000000000,37.000000000000
1324405237,3.900000000000,8.250000000000
1324405237,3.900000000000,3.447953420000
1324405238,3.900000000000,0.500000000000
1324405238,3.900000000000,49.436400000000
1324405239,3.900000000000,0.317040000000
1324405240,3.900000000000,0.500000000000
1324405240,3.900000000000,0.143380000000
1324405240,3.900000000000,0.029120000000
1324405252,3.899270000000,0.000030580000
1324405256,3.899270000000,0.010064130000
1324405256,3.898830000000,0.714280030000
1324405256,3.898530000000,21.391200000000
1324405256,3.898000000000,1.005840000000
1324405256,3.896810000000,0.183670000000
1324405256,3.892200000000,0.368540000000
1324405256,3.891900000000,0.028020000000
1324405256,3.891400000000,0.312340000000
1324405256,3.891400000000,0.167470000000
1324405256,3.891050000000,0.081760000000
1324405256,3.890600000000,0.311590740000
1324405256,3.890600000000,0.021572690000
1324405256,3.890600000000,0.014324290000
1324405256,3.890290000000,6.062590000000
1324405256,3.890010000000,14.506309750000
1324405256,3.890000000000,1.000000000000
1324405256,3.889710000000,0.010390000000
1324405256,3.889570000000,0.020293040000
1324405256,3.888420000000,28.600367500000
1324405256,3.886690000000,0.060760000000
1324405257,3.884780000000,0.435700000000
1324405257,3.883750000000,1.712900000000
1324405257,3.883470000000,202.528789970000
1324405257,3.882370000000,0.088850360000
1324405257,3.881030000000,0.248380000000
1324405257,3.881000000000,30.000000000000
1324405257,3.880800000000,0.311641270000
1324405257,3.880800000000,0.021629750000
1324405257,3.880800000000,0.014349500000
1324405257,3.880000000000,1.000000000000
1324405257,3.880000000000,0.051543810000
1324405257,3.878310000000,0.025430000000
1324405257,3.877520000000,12.580400000000
1324405257,3.877100000000,0.020286220000
1324405257,3.877000000000,1.005840000000
1324405257,3.875960000000,0.186910000000
1324405257,3.875960000000,0.126870000000
1324405257,3.875960000000,0.435220000000
1324405257,3.874880000000,5.000000000000
1324405257,3.871430000000,1.407230000000
1324405257,3.871200000000,0.139020070000
1324405257,3.871000000000,0.311692300000
1324405258,3.871000000000,0.021494220000
1324405258,3.871000000000,0.014323100000
1324405258,3.870700000000,0.207170000000
1324405258,3.870160000000,0.010130000000
1324405259,3.870000000000,4.200000000000
1324405259,3.870000000000,4.200000000000
1324405261,3.870000000000,2.660620000000
1324405262,3.870000000000,0.500000000000
1324405264,3.869630000000,0.114739890000
1324405264,3.865760000000,0.321760000000
1324405264,3.864630000000,0.020278380000
1324405264,3.861470000000,0.024290000000
1324405264,3.861360000000,0.866070000000
1324405264,3.861200000000,0.311740750000
1324405264,3.861200000000,0.021516550000
1324405264,3.861200000000,0.014334090000
1324405264,3.861000000000,92.970781230000
1324405264,3.870000000000,59.895429820000
1324405265,3.870000000000,12.000000000000
1324405272,3.880000000000,0.000030920000
1324405274,3.861000000000,0.000030730000
1324405284,3.870000000000,8.250000000000
1324405285,3.861000000000,607.029188040000
1324405285,3.857000000000,1.005840000000
1324405285,3.856880000000,0.138150000000
1324405285,3.856300000000,391.826821960000
1324405288,3.870000000000,1.000000000000
1324405294,3.870000000000,0.500000000000
1324405296,3.870000000000,30.000000000000
1324405301,3.870000000000,17.762609000000
1324405303,3.870000000000,30.000000000000
1324405304,3.880000000000,0.000030920000
1324405315,3.856300000000,0.000030730000
1324405319,3.870000000000,0.500000000000
1324405319,3.870000000000,8.250000000000
1324405323,3.870000000000,36.270000000000
1324405324,3.870000000000,0.500000000000
1324405324,3.856300000000,145.596956180000
1324405325,3.856300000000,32.576191130000
1324405325,3.852170000000,0.020271500000
1324405325,3.851400000000,0.311787120000
1324405325,3.851400000000,0.021700480000
1324405325,3.851400000000,0.014378960000
1324405325,3.851000000000,2.550000000000
1324405325,3.850000000000,0.007150640000
1324405325,3.850000000000,10.000000000000
1324405325,3.850000000000,403.671148050000
1324405325,3.850000000000,2.050493120000
1324405331,3.861000000000,0.259597740000
1324405331,3.880000000000,20.740402260000
1324405338,3.880000000000,0.000030920000
1324405340,3.850000000000,0.000030730000
1324405348,3.850000000000,8.339076150000
1324405348,3.849760000000,0.102680000000
1324405348,3.848300000000,0.812180000000
1324405349,3.846850000000,0.067290000000
1324405349,3.841600000000,0.311888970000
1324405349,3.841600000000,0.014374030000
1324405349,3.841600000000,0.021563340000
1324405349,3.841450000000,0.110900000000
1324405349,3.841000000000,135.625474470000
1324405354,3.856300000000,0.177500000000
1324405356,3.856300000000,0.362500000000
1324405356,3.880000000000,2.017000000000
1324405367,3.898820000000,0.000030770000
1324405376,3.880000000000,0.000030590000
1324405389,3.880010000000,50.000000000000
1324405389,3.880000000000,497.982969410000
1324405396,3.899000000000,0.000030770000
1324405396,3.870000000000,0.000030590000
1324405408,3.870000000000,1.999969410000
1324405408,3.856300000000,8.181389510000
1324405408,3.841000000000,5.407742340000
1324405411,3.841000000000,58.966783190000
1324405411,3.840500000000,0.026330000000
1324405411,3.840460000000,41.006886810000
1324405413,3.840460000000,8.993113190000
1324405413,3.840000000000,50.000000000000
1324405413,3.840000000000,0.010000000000
1324405413,3.839700000000,0.020264640000
1324405413,3.838430000000,7.239380000000
1324405413,3.838060000000,1.206260000000
1324405413,3.837890000000,0.092710000000
1324405413,3.837000000000,1.005840000000
1324405414,3.835300000000,3.298260000000
1324405414,3.831800000000,0.311953190000
1324405414,3.831800000000,0.014387550000
1324405414,3.831800000000,0.021593060000
1324405414,3.830840000000,1.807092240000
1324405414,3.830080000000,0.106950000000
1324405414,3.830000000000,25.872196130000
1324405418,3.830000000000,24.127803870000
1324405418,3.828920000000,10.000000000000
1324405418,3.827230000000,0.020256150000
1324405418,3.826450000000,0.144450000000
1324405418,3.826240000000,0.059800000000
1324405418,3.823580000000,0.015080000000
1324405418,3.822000000000,0.311951030000
1324405418,3.822000000000,0.021612570000
1324405418,3.822000000000,0.014397740000
1324405418,3.821000000000,370.000000000000
1324405418,3.821000000000,52.879600000000
1324405418,3.820120000000,0.054240000000
1324405418,3.820000000000,50.000000000000
1324405418,3.820000000000,2.150000000000
1324405418,3.820000000000,24.418800000000
1324405418,3.820000000000,1.000000000000
1324405419,3.816290000000,28.000000000000
1324405419,3.814770000000,0.020252520000
1324405419,3.814770000000,1.086598380000
1324405419,3.813750000000,1.244290000000
1324405419,3.812200000000,0.322137200000
1324405419,3.812200000000,0.021627960000
1324405419,3.812200000000,0.014406530000
1324405419,3.812000000000,0.531270000000
1324405419,3.811000000000,3.000000000000
1324405419,3.811000000000,112.541426050000
1324405421,3.841000000000,21.000000000000
1324405421,3.811000000000,100.000000000000
1324405421,3.841000000000,4.940000000000
1324405421,3.841000000000,19.899999990000
1324405421,3.841000000000,39.900000000000
1324405428,3.841000000000,0.000031240000
1324405438,3.811000000000,0.000031050000
1324405439,3.841000000000,214.259968770000
1324405439,3.850000000000,10.000000000000
1324405439,3.898820000000,0.369969230000
1324405439,3.900000000000,87.947171790000
1324405441,3.811000000000,5.458542900000
1324405441,3.811000000000,0.073370000000
1324405441,3.811000000000,0.062150000000
1324405441,3.811000000000,0.153180000000
1324405441,3.810000000000,5.000000000000
1324405441,3.809570000000,0.040960000000
1324405441,3.808750000000,0.298520000000
1324405441,3.805700000000,1.400000000000
1324405441,3.805290000000,37.513277100000
1324405445,3.805290000000,50.000000000000
1324405446,3.805290000000,1.000000000000
1324405447,3.805290000000,1.000000000000
1324405447,3.805290000000,1.000000000000
1324405456,3.900000000000,0.000030760000
1324405457,3.860190000000,0.000030580000
1324405459,3.900000000000,99.289035890000
1324405467,3.860190000000,2.481633730000
1324405467,3.837320000000,0.052918490000
1324405467,3.834240000000,0.073420000000
1324405467,3.811360000000,0.229760000000
1324405467,3.805000000000,30.162267780000
1324405468,3.805000000000,46.000000000000
1324405471,3.826000000000,0.010094710000
1324405471,3.805000000000,50.989905290000
1324405472,3.869000000000,0.010000000000
1324405475,3.814380000000,0.205870000000
1324405475,3.806300000000,50.794130000000
1324405477,3.806300000000,10.475870000000
1324405477,3.805000000000,40.524130000000
1324405478,3.851000000000,2.033680000000
1324405482,3.851000000000,10.000000000000
1324405484,3.890000000000,0.000030840000
1324405494,3.806300000000,0.000030650000
1324405495,3.890000000000,0.021382960000
1324405495,3.890000000000,0.368947700000
1324405495,3.900000000000,225.450825640000
1324405499,3.806300000000,34.899969350000
1324405499,3.805000000000,16.100030650000
1324405504,3.810000000000,51.000000000000
1324405507,3.810000000000,14.000000000000
1324405507,3.805000000000,37.000000000000
1324405507,3.851000000000,30.000000000000
1324405513,3.831450000000,0.062620000000
1324405513,3.809400000000,0.148600000000
1324405513,3.805300000000,4.940000000000
1324405513,3.805000000000,17.848780000000
1324405515,3.860190000000,0.000031080000
1324405516,3.805000000000,0.000030890000
1324405518,3.860190000000,9.999968920000
1324405518,3.890000000000,0.014292200000
1324405518,3.899990000000,161.467501190000
1324405526,3.805000000000,22.000000000000
1324405529,3.810010000000,30.000000000000
1324405530,3.830940000000,0.018660000000
1324405530,3.810010000000,50.981340000000
1324405531,3.851000000000,0.500000000000
1324405533,3.813450000000,0.032020000000
1324405533,3.810010000000,51.967980000000
1324405537,3.812200000000,0.021748560000
1324405537,3.812200000000,0.374049250000
1324405537,3.810010000000,0.604202190000
1324405540,3.810010000000,1.000000000000
1324405543,3.890000000000,0.000030840000
1324405554,3.810010000000,0.000030650000
1324405555,3.890000000000,153.359267350000
1324405560,3.841010000000,54.000000000000
1324405561,3.841010000000,6.000000000000
1324405561,3.810010000000,4.000000000000
1324405563,3.810010000000,50.000000000000
1324405565,3.821000000000,0.094970000000
1324405565,3.810010000000,49.905030000000
1324405567,3.836450000000,0.203690000000
1324405567,3.810010000000,49.796310000000
1324405569,3.851000000000,0.010790000000
1324405569,3.821000000000,0.024480000000
1324405569,3.810010000000,49.975520000000
1324405572,3.851000000000,0.000031160000
1324405573,3.812200000000,0.000030970000
1324405574,3.851000000000,1.139378840000
1324405574,3.860000000000,159.029148900000
1324405574,3.890000000000,46.640701810000
1324405574,3.899800000000,15.241968800000
1324405575,3.899800000000,27.664613560000
1324405578,3.899800000000,47.667897700000
1324405578,3.899990000000,52.332102300000
1324405581,3.899990000000,24.691400000000
1324405582,3.899990000000,25.000000000000
1324405582,3.899990000000,25.000000000000
1324405583,3.899990000000,4.680442640000
1324405585,3.899990000000,0.044011670000
1324405585,3.890500000000,0.163600000000
1324405585,3.812200000000,0.014411610000
1324405585,3.810010000000,19.821988390000
1324405586,3.810010000000,50.000000000000
1324405588,3.810010000000,50.000000000000
1324405600,3.890000000000,0.000030840000
1324405611,3.825630000000,0.000030650000
1324405616,3.890000000000,0.370314860000
1324405617,3.890000000000,0.021533200000
1324405617,3.899000000000,45.060000000000
1324405617,3.899990000000,257.137910610000
1324405626,3.825630000000,0.025509350000
1324405626,3.821000000000,0.207120000000
1324405626,3.820000000000,49.767370650000
1324405627,3.820000000000,14.158305560000
1324405627,3.820000000000,1.074323790000
1324405627,3.818750000000,0.410890000000
1324405628,3.810010000000,49.514786210000
1324405629,3.810010000000,50.000000000000
1324405630,3.810010000000,100.000000000000
1324405630,3.810010000000,0.148681200000
1324405631,3.899990000000,0.000030760000
1324405634,3.810010000000,0.000030580000
1324405636,3.899990000000,244.727458270000
1324405646,3.850100000000,0.044311790000
1324405646,3.810010000000,49.955688210000
1324405649,3.820000000000,50.000000000000
1324405652,3.845350000000,0.127900000000
1324405652,3.820000000000,49.872100000000
1324405654,3.820000000000,50.000000000000
1324405655,3.836450000000,0.056892470000
1324405656,3.836450000000,0.000031270000
1324405657,3.820000000000,10.340191090000
1324405657,3.818020000000,0.308900000000
1324405657,3.815000000000,10.000000000000
1324405657,3.812200000000,0.374049160000
1324405658,3.810100000000,4.940000000000
1324405658,3.810100000000,11.270000000000
1324405658,3.810010000000,62.766859750000
1324405674,3.824370000000,0.000031080000
1324405675,3.880000000000,200.000000000000
1324405675,3.890000000000,42.000000000000
1324405675,3.890000000000,50.000000000000
1324405675,3.899000000000,2.032005640000
1324405681,3.824370000000,0.250608920000
1324405681,3.810010000000,49.749391080000
1324405686,3.849750000000,0.102580000000
1324405686,3.812200000000,0.021748530000
1324405686,3.810010000000,22.875671470000
1324405696,3.890000000000,0.000030840000
1324405698,3.830000000000,0.000030650000
1324405700,3.890000000000,0.014297160000
1324405700,3.899000000000,33.967994360000
1324405700,3.899990000000,17.973461300000
1324405700,3.899990000000,19.192346640000
1324405710,3.830000000000,0.269969350000
1324405710,3.820000000000,0.363683360000
1324405713,3.890000000000,0.370345700000
1324405713,3.899990000000,6.099654300000
1324405716,3.886190000000,1.546090000000
1324405716,3.841440000000,0.110870000000
1324405716,3.839040000000,0.270420000000
1324405716,3.820000000000,48.072620000000
1324405721,3.846840000000,0.067270000000
1324405721,3.840940000000,0.025030000000
1324405721,3.825620000000,0.011520000000
1324405721,3.820000000000,34.896180000000
1324405730,3.890000000000,0.000030840000
1324405742,3.839240000000,0.000030650000
1324405743,3.890000000000,49.005678660000
1324405748,3.839240000000,1.612919350000
1324405748,3.836450000000,3.000000000000
1324405749,3.827260000000,0.014970000000
1324405749,3.820120000000,0.054220000000
1324405749,3.820000000000,45.317890650000
1324405750,3.870240000000,0.070570000000
1324405750,3.890000000000,9.929430000000
1324405763,3.860370000000,0.000031080000
1324405765,3.830690000000,0.000030890000
1324405766,3.860370000000,0.029058920000
1324405766,3.862680000000,0.017330000000
1324405766,3.890000000000,48.952100250000
1324405782,3.830690000000,1.000000000000
1324405782,3.874580000000,0.012680000000
1324405782,3.879830000000,0.517320000000
1324405782,3.890000000000,0.470000000000
1324405795,3.866660000000,0.000031030000
1324405805,3.830690000000,0.000030840000
1324405807,3.866660000000,0.038478970000
1324405807,3.890000000000,0.944041130000
1324405817,3.860770000000,0.465470000000
1324405820,3.870000000000,20.000000000000
1324405826,3.870240000000,0.000031000000
1324405827,3.870000000000,5.115930000000
1324405827,3.860900000000,0.180000000000
1324405828,3.842320000000,0.054959680000
1324405828,3.839800000000,0.101150000000
1324405828,3.830690000000,2.199578270000
1324405828,3.830000000000,10.000000000000
1324405828,3.830000000000,14.135339420000
1324405832,3.830000000000,4.940000000000
1324405832,3.825000000000,5.833092630000
1324405832,3.825000000000,0.000030810000
1324405834,3.870240000000,0.071949000000
1324405834,3.886140000000,0.481660000000
1324405834,3.889990000000,19.294712830000
1324405842,3.831110000000,10.000000000000
1324405842,3.825000000000,4.166876560000
1324405842,3.824500000000,5.833123440000
1324405854,3.866660000000,102.000000000000
1324405854,3.860000000000,0.004391190000
1324405859,3.889000000000,0.000030850000
1324405868,3.834050000000,0.000030660000
1324405871,3.889000000000,9.999969150000
1324405871,3.889990000000,9.634189290000
1324405883,3.870000000000,0.000031000000
1324405886,3.836450000000,0.000030810000
1324405907,3.836450000000,0.087109190000
1324405907,3.836450000000,0.203690000000
1324405907,3.835940000000,0.021880000000
1324405907,3.834240000000,1.283650000000
1324405907,3.834050000000,0.215779340000
1324405907,3.827370000000,4.267630000000
1324405907,3.823930000000,0.010550000000
1324405907,3.823000000000,13.909711470000
1324405911,3.870000000000,0.000031000000
1324405920,3.830000000000,0.000030810000
1324405923,3.870000000000,19.717940560000
1324405924,3.830000000000,20.000000000000
1324405934,3.860000000000,0.000031080000
1324405936,3.852160000000,0.000030890000
1324405938,3.860000000000,19.794948180000
1324405956,3.852160000000,1.169779110000
1324405962,3.860000000000,0.000031080000
1324405971,3.830000000000,0.000030890000
1324405982,3.831000000000,3.000000000000
1324405982,3.836450000000,1.875920890000
1324405982,3.852160000000,0.180000000000
1324405983,3.860000000000,6.481379110000
1324405985,3.860000000000,0.000031080000
1324405986,3.830010000000,0.000030890000
1324406006,3.860000000000,0.000031080000
1324406015,3.835000000000,0.000030890000
1324406029,3.852260000000,4.940000000000
1324406033,3.860000000000,0.000031080000
1324406034,3.852260000000,0.000030890000
1324406050,3.860000000000,0.175700000000
1324406055,3.860000000000,0.000031080000
1324406064,3.835000000000,0.000030890000
1324406069,3.860000000000,0.700000000000
1324406084,3.860000000000,0.000031080000
1324406086,3.852360000000,0.000030890000
1324406095,3.852360000000,29.999969110000
1324406095,3.835000000000,170.000030890000
1324406096,3.835000000000,32.800000000000
1324406102,3.835000000000,17.000000000000
1324406103,3.835000000000,112.113233370000
1324406103,3.830000000000,50.000000000000
1324406103,3.835000000000,26.233800000000
1324406104,3.830000000000,90.000000000000
1324406105,3.835000000000,0.000031290000
1324406116,3.830000000000,0.000031100000
1324406118,3.860000000000,66.335041450000
1324406125,3.836010000000,0.000031280000
1324406127,3.832000000000,0.000031090000
1324406136,3.836010000000,0.009968720000
1324406148,3.860000000000,0.000031080000
1324406158,3.852360000000,0.000030890000
1324406167,3.860000000000,0.000031080000
1324406169,3.852360000000,0.000030890000
1324406185,3.836000000000,0.000031280000
1324406195,3.832000000000,0.000031090000
1324406198,3.836000000000,0.009968720000
1324406212,3.860000000000,0.000031080000
1324406214,3.832100000000,0.000030890000
1324406236,3.860000000000,0.000031080000
1324406244,3.832000000000,0.000030890000
1324406248,3.835990000000,0.010000000000
1324406262,3.836000000000,15.000000000000
1324406266,3.860000000000,0.000031080000
1324406268,3.836000000000,0.000030890000
1324406281,3.859000000000,6.400000000000
1324406281,3.860100000000,0.010000000000
1324406282,3.860500000000,0.164500000000
1324406282,3.836000000000,19.835500000000
1324406287,3.870700000000,0.000031000000
1324406297,3.836000000000,0.000030810000
1324406298,3.870700000000,0.060510810000
1324406298,3.872000000000,10.000000000000
1324406298,3.879210000000,0.980530000000
1324406298,3.881230000000,0.028810000000
1324406298,3.881420000000,0.152600000000
1324406298,3.881910000000,0.014840000000
1324406298,3.890000000000,3.595000000000
1324406298,3.890000000000,0.021533200000
1324406298,3.890000000000,4.869994850000
1324406303,3.836000000000,1.114194470000
1324406303,3.832000000000,24.999906930000
1324406303,3.832000000000,11.270000000000
1324406303,3.830000000000,12.615898600000
1324406304,3.830000000000,50.000000000000
1324406305,3.832000000000,29.940000000000
1324406305,3.830000000000,20.060000000000
1324406307,3.889000000000,0.000030850000
1324406311,3.830000000000,0.000030660000
1324406313,3.889000000000,36.269969150000
1324406313,3.890000000000,35.130005150000
1324406313,3.898650000000,0.011740000000
1324406313,3.898750000000,0.069860000000
1324406313,3.898750000000,0.041470000000
1324406313,3.899900000000,0.043457530000
1324406313,3.899990000000,25.857999060000
1324406313,3.900000000000,49.742979480000
1324406330,3.840000000000,14.000000000000
1324406330,3.830000000000,36.000000000000
1324406333,3.832200000000,6.330000000000
1324406333,3.830000000000,21.323977940000
1324406333,3.828710000000,10.000000000000
1324406333,3.827320000000,0.048482470000
1324406333,3.825630000000,0.025540000000
1324406333,3.824900000000,0.883610000000
1324406333,3.824500000000,11.388389590000
1324406335,3.832200000000,30.000000000000
1324406335,3.824500000000,14.261610410000
1324406335,3.821920000000,0.012630000000
1324406335,3.821450000000,0.113370000000
1324406335,3.821000000000,0.094970000000
1324406335,3.821000000000,0.207120000000
1324406335,3.820940000000,0.012060000000
1324406335,3.820620000000,0.010260000000
1324406335,3.820000000000,5.287979590000
1324406336,3.884330000000,0.000030890000
1324406346,3.820000000000,0.000030700000
1324406348,3.884330000000,0.033639110000
1324406348,3.895000000000,64.298355680000
1324406348,3.900000000000,82.691105120000
1324406351,3.832200000000,4.940000000000
1324406351,3.820000000000,12.410107320000
1324406351,3.819380000000,0.228660000000
1324406351,3.818750000000,0.410890000000
1324406351,3.818140000000,0.173290000000
1324406351,3.816790000000,0.043290000000
1324406351,3.814690000000,0.270010000000
1324406352,3.812200000000,0.374049160000
1324406352,3.812200000000,0.014442620000
1324406352,3.810000000000,31.135260900000
1324406354,3.810000000000,5.521479250000
1324406354,3.809800000000,0.177400000000
1324406354,3.805000000000,24.374855390000
1324406354,3.804780000000,0.144840000000
1324406354,3.802400000000,0.319789890000
1324406354,3.802400000000,0.010147730000
1324406354,3.802400000000,0.020221020000
1324406354,3.802300000000,0.020246460000
1324406355,3.800010000000,10.050000000000
1324406355,3.800000000000,9.361020260000
1324406358,3.850100000000,0.043741400000
1324406358,3.830000000000,44.981971270000
1324406358,3.800000000000,4.974287330000
1324406360,3.881280000000,0.029720000000
1324406360,3.886080000000,0.656050000000
1324406360,3.888990000000,0.702697970000
1324406360,3.900000000000,3.114265360000
1324406360,3.833000000000,25.000000000000
1324406361,3.800000000000,4.518478940000
1324406361,3.800000000000,10.000000000000
1324406361,3.800000000000,0.300000000000
1324406361,3.800000000000,7.000000000000
1324406361,3.800000000000,3.181521060000
1324406364,3.889990000000,0.000030840000
1324406366,3.800000000000,0.000030650000
1324406367,3.889990000000,195.679873210000
1324406383,3.863000000000,0.014110000000
1324406383,3.841450000000,0.231920000000
1324406383,3.831750000000,0.135500000000
1324406383,3.826000000000,0.105100000000
1324406383,3.800000000000,19.513370000000
1324406387,3.865880000000,0.060080000000
1324406387,3.800000000000,20.043976310000
1324406387,3.800000000000,3.500000000000
1324406387,3.800000000000,10.000000000000
1324406387,3.800000000000,16.395943690000
1324406391,3.820000000000,4.940000000000
1324406391,3.800000000000,45.060000000000
1324406394,3.836000000000,0.000031280000
1324406405,3.828960000000,0.000031090000
1324406406,3.836000000000,1.002568720000
1324406407,3.887300000000,3.008510000000
1324406407,3.889990000000,67.942574430000
1324406407,3.900000000000,25.465571790000
1324406418,3.858000000000,3.000000000000
1324406418,3.854320000000,0.239180000000
1324406418,3.849760000000,0.102680000000
1324406418,3.831470000000,0.255360000000
1324406418,3.830100000000,30.000000000000
1324406418,3.828960000000,0.031298910000
1324406418,3.826000000000,0.232370000000
1324406418,3.823750000000,0.463530000000
1324406418,3.812200000000,0.021748530000
1324406418,3.800010000000,18.653832560000
1324406423,3.880000000000,0.000030920000
1324406425,3.826920000000,0.000030730000
1324406426,3.880000000000,0.368833680000
1324406426,3.880000000000,26.130000000000
1324406426,3.889900000000,4.940000000000
1324406426,3.890000000000,0.370345700000
1324406427,3.899000000000,30.007168500000
1324406435,3.826920000000,0.014329270000
1324406435,3.800200000000,4.985670730000
1324406437,3.863000000000,3.000000000000
1324406441,3.836000000000,0.127930000000
1324406446,3.836000000000,0.056894350000
1324406447,3.834390000000,1.464738760000
1324406453,3.830100000000,0.000031330000
1324406461,3.818030000000,0.000031140000
1324406463,3.830100000000,4.948664520000
1324406467,3.830100000000,0.102680000000
1324406468,3.830100000000,0.270470000000
1324406471,3.830100000000,0.984500000000
1324406472,3.830100000000,0.110900000000
1324406474,3.836000000000,0.000031280000
1324406475,3.829060000000,0.000031090000
1324406485,3.829060000000,5.000000000000
1324406487,3.829060000000,24.999968910000
1324406487,3.825620000000,0.011520000000
1324406487,3.824380000000,0.250660000000
1324406487,3.819830000000,10.000000000000
1324406487,3.818680000000,10.000000000000
1324406487,3.818030000000,0.308908860000
1324406487,3.817530000000,4.428942230000
1324406488,3.836000000000,0.025040000000
1324406489,3.836000000000,0.067290000000
1324406489,3.818040000000,0.679591640000
1324406489,3.817530000000,5.571057770000
1324406489,3.816390000000,10.000000000000
1324406489,3.815250000000,10.000000000000
1324406489,3.814780000000,0.112040000000
1324406490,3.814110000000,10.000000000000
1324406490,3.812970000000,10.000000000000
1324406490,3.812200000000,0.374049160000
1324406490,3.811830000000,3.263261430000
1324406491,3.836000000000,0.718614370000
1324406502,3.880000000000,0.000030920000
1324406511,3.839240000000,0.000030730000
1324406512,3.880000000000,0.021391580000
1324406512,3.880000000000,0.014299900000
1324406512,3.883000000000,98.081331440000
1324406524,3.863000000000,0.014110000000
1324406524,3.841450000000,0.231920000000
1324406524,3.839240000000,0.894624900000
1324406524,3.830700000000,3.411320000000
1324406524,3.830100000000,1.000000000000
1324406525,3.829100000000,11.270000000000
1324406525,3.829060000000,30.000000000000
1324406525,3.827260000000,0.014980000000
1324406525,3.826000000000,0.105100000000
1324406525,3.820120000000,0.054240000000
1324406525,3.819700000000,36.270000000000
1324406525,3.811830000000,6.736738570000
1324406525,3.810690000000,10.000000000000
1324406525,3.810020000000,32.147796540000
1324406527,3.880000000000,0.150400000000
1324406530,3.880000000000,0.000030920000
1324406532,3.865880000000,0.000030730000
1324406548,3.880000000000,18.199515470000
1324406548,3.880000000000,10.020000000000
1324406551,3.882000000000,0.000030910000
1324406560,3.880000000000,0.000030720000
1324406570,3.880000000000,21.780453810000
1324406570,3.865880000000,0.060049270000
1324406570,3.854320000000,0.439730000000
1324406570,3.849760000000,0.102680000000
1324406570,3.842220000000,0.783730000000
1324406570,3.831750000000,0.135500000000
1324406570,3.831470000000,0.469480000000
1324406570,3.828960000000,0.031330000000
1324406570,3.826920000000,0.014360000000
1324406570,3.826900000000,1.000000000000
1324406570,3.826000000000,0.232370000000
1324406570,3.823750000000,0.463530000000
1324406571,3.813330000000,1.878860000000
1324406571,3.813000000000,22.607926920000
1324406575,3.813000000000,50.000000000000
1324406577,3.813000000000,50.000000000000
1324406585,3.872660000000,0.000030980000
1324406587,3.813000000000,0.000030790000
1324406588,3.872660000000,0.067713050000
1324406588,3.880000000000,2.000000000000
1324406588,3.883000000000,145.257725980000
1324406597,3.839340000000,30.000000000000
1324406597,3.813000000000,20.000000000000
1324406610,3.860000000000,0.000031080000
1324406619,3.820000000000,0.000030890000
1324406620,3.860000000000,3.695074890000
1324406620,3.883000000000,45.505694050000
1324406641,3.880000000000,0.000030920000
1324406643,3.853120000000,0.000030730000
1324406653,3.853120000000,0.051389270000
1324406653,3.832950000000,0.183390000000
1324406653,3.825810000000,0.178900000000
1324406653,3.823290000000,0.021380000000
1324406653,3.823250000000,0.119730000000
1324406653,3.820000000000,9.995210730000
1324406657,3.869980000000,1.000000000000
1324406663,3.869980000000,0.000031000000
1324406673,3.844640000000,0.000030810000
1324406675,3.869980000000,8.999969000000
1324406675,3.871140000000,1.388766610000
1324406698,3.871140000000,0.000030990000
1324406700,3.844640000000,0.000030800000
1324406722,3.871100000000,0.000030990000
1324406733,3.844640000000,0.000030800000
1324406761,3.850000000000,0.000031160000
1324406763,3.844640000000,0.000030970000
1324406773,3.850000000000,2.500000000000
1324406775,3.850000000000,0.163200000000
1324406780,3.850000000000,0.000031160000
1324406791,3.844740000000,0.000030970000
1324406808,3.850000000000,0.000031160000
1324406810,3.844640000000,0.000030970000
1324406820,3.844640000000,0.017875650000
1324406824,3.844640000000,30.000000000000
1324406827,3.844640000000,0.000031210000
1324406837,3.838820000000,0.000031020000
1324406848,3.844640000000,0.000031210000
1324406853,3.838820000000,0.000031020000
1324406867,3.838820000000,0.053480470000
1324406867,3.832950000000,0.070060000000
1324406867,3.832440000000,0.019630000000
1324406867,3.830550000000,0.176110000000
1324406867,3.827020000000,0.147930000000
1324406867,3.826900000000,0.045723690000
1324406867,3.825460000000,0.120000000000
1324406867,3.825030000000,3.252320000000
1324406868,3.821850000000,0.387770000000
1324406868,3.821850000000,0.059900000000
1324406868,3.820010000000,1.000000000000
1324406868,3.820000000000,0.009968580000
1324406868,3.819340000000,0.014130000000
1324406868,3.818420000000,0.011760000000
1324406868,3.817500000000,0.087620000000
1324406868,3.817500000000,0.188780000000
1324406868,3.817320000000,0.108030000000
1324406868,3.815880000000,0.212790000000
1324406868,3.815250000000,0.372670000000
1324406868,3.814450000000,0.035440000000
1324406868,3.810020000000,24.158289160000
1324406871,3.844640000000,0.000031210000
1324406881,3.810020000000,0.000031020000
1324406887,3.837820000000,0.010000000000
1324406887,3.844640000000,29.990000000000
1324406891,3.844640000000,0.000031210000
1324406893,3.810030000000,0.000031020000
1324406909,3.844600000000,0.000031210000
1324406920,3.820100000000,0.000031020000
1324406927,3.810100000000,11.270000000000
1324406927,3.810020000000,31.003393680000
1324406927,3.810020000000,39.900000000000
1324406927,3.810010000000,418.392306320000
1324406936,3.844640000000,0.000031210000
1324406938,3.810010000000,0.000031020000
1324406939,3.844640000000,3.641433260000
1324406952,3.810010000000,10.500000000000
1324406953,3.810030000000,0.524900000000
1324406955,3.844000000000,0.000031210000
1324406964,3.838920000000,0.000031020000
1324406970,3.838920000000,29.475068980000
1324406970,3.812000000000,20.109218250000
1324406970,3.810010000000,377.032899240000
1324406978,3.844000000000,0.000031210000
1324406980,3.810010000000,0.000031020000
1324406982,3.844000000000,0.987937580000
1324406982,3.844640000000,420.961257750000
1324406996,3.844600000000,0.000031210000
1324407009,3.844500000000,0.000031020000
1324407017,3.844640000000,0.000031210000
1324407019,3.844500000000,0.000031020000
1324407028,3.844500000000,0.177437960000
1324407028,3.839020000000,7.822562040000
1324407033,3.844000000000,0.000031210000
1324407044,3.839020000000,0.000031020000
1324407052,3.843900000000,0.000028610000
1324407057,3.843900000000,0.000031210000
1324407059,3.820000000000,0.000031020000
1324407073,3.843900000000,52.029100000000
1324407074,3.844000000000,0.000031210000
1324407083,3.839120000000,0.000031020000
1324407102,3.844000000000,0.000031210000
1324407104,3.839120000000,0.000031020000
1324407115,3.843900000000,0.127277000000
1324407119,3.844000000000,0.000031210000
1324407128,3.840000000000,0.000031020000
1324407134,3.840000000000,9.999968980000
1324407134,3.834390000000,0.127277000000
1324407134,3.830000000000,20.000000000000
1324407134,3.820000000000,1.672754020000
1324407136,3.843900000000,0.000031210000
1324407138,3.839120000000,0.000031020000
1324407155,3.844000000000,0.000031210000
1324407166,3.839120000000,0.000031020000
1324407176,3.843900000000,0.000031210000
1324407178,3.839120000000,0.000031020000
1324407188,3.839110000000,0.000031250000
1324407200,3.820000000000,0.000031060000
1324407205,3.839110000000,1.562528750000
1324407209,3.844500000000,0.000031210000
1324407211,3.839220000000,0.000031020000
1324407230,3.843900000000,0.000031210000
1324407239,3.839220000000,0.000031020000
1324407241,3.843900000000,0.176400000000
1324407244,3.839220000000,13.123315880000
1324407244,3.843900000000,1.000000000000
1324407245,3.843900000000,0.000031210000
1324407248,3.820000000000,0.000031020000
1324407256,3.843900000000,0.000031210000
1324407269,3.820000000000,0.000031020000
1324407284,3.844500000000,0.000031210000
1324407286,3.839320000000,0.000031020000
1324407298,3.839320000000,16.520000000000
1324407299,3.843900000000,0.999937580000
1324407300,3.844500000000,0.000031210000
1324407309,3.843900000000,0.000031020000
1324407314,3.844500000000,0.000031210000
1324407316,3.843900000000,0.000031020000
1324407333,3.844500000000,0.000031210000
1324407343,3.843900000000,0.000031020000
1324407348,3.843900000000,0.999968980000
1324407348,3.839320000000,1.000031020000
1324407355,3.844500000000,0.000031210000
1324407357,3.839320000000,0.000031020000
1324407370,3.843900000000,0.000031210000
1324407379,3.820010000000,0.000031020000
1324407385,3.842900000000,0.010000000000
1324407385,3.843800000000,0.999968980000
1324407385,3.843900000000,0.999937770000
1324407385,3.844500000000,1.366693250000
1324407388,3.844500000000,0.000031210000
1324407390,3.820010000000,0.000031020000
1324407403,3.844000000000,11.396496020000
1324407404,3.844500000000,1.633088280000
1324407404,3.844500000000,2.000000000000
1324407414,3.844640000000,0.000031210000
1324407423,3.844500000000,0.000031020000
1324407430,3.844640000000,0.000031210000
1324407432,3.844500000000,6.306880700000
1324407432,3.844000000000,18.603503980000
1324407432,3.820010000000,3.009595320000
1324407432,3.820010000000,0.000031020000
1324407445,3.849890000000,0.000031160000
1324407454,3.820010000000,0.000030970000
1324407468,3.844640000000,0.000031210000
1324407470,3.844600000000,0.000031020000
1324407480,3.844640000000,0.174800000000
1324407490,3.849890000000,0.000031160000
1324407498,3.820010000000,0.000030970000
1324407501,3.844640000000,5.575075160000
1324407501,3.849890000000,2.999937680000
1324407502,3.849990000000,10.000000000000
1324407502,3.850000000000,50.000000000000
1324407502,3.869000000000,162.228993520000
1324407502,3.869970000000,91.870623300000
1324407502,3.869990000000,835.153201930000
1324407502,3.869990000000,10.000000000000
1324407502,3.870000000000,10.000000000000
1324407502,3.870000000000,22.172168410000
1324407509,3.844490000000,0.000031210000
1324407511,3.820010000000,0.000031020000
1324407524,3.844490000000,30.000000000000
1324407527,3.844490000000,0.000031210000
1324407537,3.820000000000,0.000031020000
1324407544,3.844400000000,0.000031210000
1324407546,3.825000000000,0.000031020000
1324407561,3.844490000000,0.000031210000
1324407572,3.825000000000,0.000031020000
1324407589,3.844400000000,0.000031210000
1324407591,3.825000000000,0.000031020000
1324407601,3.844400000000,4.939937580000
1324407615,3.844490000000,0.000031210000
1324407631,3.844400000000,0.000031020000
1324407641,3.844490000000,0.000031210000
1324407643,3.844400000000,0.000031020000
1324407652,3.844490000000,30.000000000000
1324407665,3.844490000000,0.000031210000
1324407673,3.844400000000,0.000031020000
1324407675,3.844490000000,0.124800000000
1324407688,3.844490000000,0.000031210000
1324407690,3.844400000000,0.000031020000
1324407700,3.844400000000,7.159938340000
1324407702,3.844400000000,34.840061660000
1324407702,3.844490000000,117.702844330000
1324407702,3.844490000000,7.457094010000
1324407705,3.844490000000,14.432905990000
1324407706,3.844490000000,15.567094010000
1324407707,3.844490000000,0.000031210000
1324407717,3.825000000000,0.000031020000
1324407719,3.849840000000,0.039993890000
1324407725,3.850180000000,0.000031160000
1324407727,3.850000000000,0.000030970000
1324407740,3.860990000000,0.000031080000
1324407749,3.850000000000,0.000030890000
1324407751,3.850000000000,1.050000000000
1324407761,3.850180000000,0.000031160000
1324407763,3.850000000000,0.000030970000
1324407777,3.860990000000,0.000031080000
1324407786,3.850000000000,0.000030890000
1324407789,3.850000000000,10.000000000000
1324407790,3.850180000000,0.000031160000
1324407792,3.850000000000,0.000030970000
1324407800,3.850000000000,10.000000000000
1324407810,3.860990000000,0.000031080000
1324407819,3.850000000000,0.000030890000
1324407828,3.850180000000,0.000031160000
1324407830,3.850000000000,0.000030970000
1324407843,3.860990000000,0.000031080000
1324407854,3.850100000000,0.000030890000
1324407857,3.850100000000,10.000000000000
1324407866,3.860990000000,0.000031080000
1324407868,3.850100000000,0.000030890000
1324407887,3.850180000000,0.000031160000
1324407896,3.850000000000,0.000030970000
1324407904,3.850180000000,0.000031160000
1324407906,3.850100000000,0.000030970000
1324407918,3.850100000000,0.000030930000
1324407926,3.860800000000,0.000031080000
1324407934,3.850100000000,0.000030890000
1324407941,3.850000000000,0.081000000000
1324407951,3.860800000000,0.000031080000
1324407952,3.850000000000,0.000030890000
1324407961,3.850180000000,0.010723040000
1324407967,3.860990000000,0.000031080000
1324407977,3.850700000000,0.000030890000
1324407986,3.860800000000,0.000031080000
1324407988,3.850700000000,0.000030890000
1324408009,3.860990000000,0.000031080000
1324408017,3.850700000000,0.000030890000
1324408030,3.860990000000,0.000031080000
1324408033,3.850800000000,0.000030890000
1324408041,3.850800000000,1.987000000000
1324408043,3.860800000000,0.000031080000
1324408052,3.850800000000,0.000030890000
1324408064,3.860990000000,0.000031080000
1324408067,3.860000000000,0.000030890000
1324408076,3.860800000000,2.069875680000
1324408076,3.860990000000,0.971300280000
