1360625100,24.599980000000,0.010000000000
1360625221,24.599980000000,0.231910660000
1360625227,24.599980000000,2.530231800000
1360625243,24.599980000000,1.158695600000
1360625243,24.599990000000,0.170000000000
1360625243,24.600000000000,3.619378780000
1360625243,24.601100000000,0.500000000000
1360625243,24.601100000000,0.500000000000
1360625243,24.608900000000,9.350082520000
1360625249,24.608890000000,0.024865150000
1360625249,24.608900000000,19.010251350000
1360625251,24.608900000000,8.943100000000
1360625253,24.608900000000,19.463306000000
1360625253,24.550010000000,0.010000000000
1360625258,24.596650000000,0.415052450000
1360625258,24.608900000000,0.753810660000
1360625258,24.609990000000,0.100000000000
1360625259,24.610000000000,0.200000000000
1360625259,24.610000000000,17.683029590000
1360625261,24.610000000000,11.524221200000
1360625262,24.562250000000,0.010000000000
1360625269,24.610000000000,19.385455200000
1360625270,24.562250000000,0.010000000000
1360625276,24.610000000000,0.030100000000
1360625280,24.562250000000,0.010000000000
1360625325,24.600000000000,41.333332920000
1360625326,24.562250000000,0.010000000000
1360625348,24.600000000000,2.968100000000
1360625349,24.562250000000,0.010000000000
1360625359,24.563930000000,5.718484770000
1360625359,24.563920000000,0.500000000000
1360625370,24.562240000000,2.781515230000
1360625370,24.596650000000,0.499750000000
1360625370,24.599990000000,2.746034770000
1360625406,24.599970000000,5.715066160000
1360625406,24.599990000000,2.229999340000
1360625406,24.600000000000,6.348787800000
1360625410,24.563930000000,0.010000000000
1360625422,24.600000000000,28.925779280000
1360625424,24.610000000000,27.503311660000
1360625442,24.610000000000,23.873882350000
1360625442,24.610000000000,0.250000000000
1360625442,24.610000000000,0.020000000000
1360625443,24.610000000000,10.000000000000
1360625446,24.610000000000,4.890000000000
1360625448,24.610000000000,10.966117650000
1360625525,24.600000000000,3.707700000000
1360625530,24.600000000000,2.000000000000
1360625549,24.600000000000,1.000000000000
1360625583,24.600000000000,0.500000000000
1360625589,24.585010000000,0.995585670000
1360625589,24.585000000000,0.500000000000
1360625589,24.575290000000,0.500000000000
1360625589,24.570000000000,0.592200000000
1360625589,24.558080000000,0.500000000000
1360625590,24.553000000000,0.500000000000
1360625590,24.540890000000,0.500000000000
1360625590,24.537000000000,0.500000000000
1360625590,24.536820000000,9.523632600000
1360625590,24.523710000000,0.500000000000
1360625590,24.521000000000,5.388581730000
1360625593,24.600000000000,0.000017070000
1360625598,24.575290000000,0.500000000000
1360625598,24.558080000000,0.500000000000
1360625598,24.540890000000,0.500000000000
1360625598,24.523710000000,0.500000000000
1360625598,24.521010000000,18.000000000000
1360625606,24.575290000000,0.500000000000
1360625610,24.575290000000,1.222493890000
1360625610,24.575290000000,0.500000000000
1360625619,24.540890000000,0.500000000000
1360625620,24.530000000000,19.500000000000
1360625620,24.575280000000,0.010000000000
1360625631,24.575280000000,0.500000000000
1360625636,24.575280000000,2.439000000000
1360625636,24.530000000000,0.026881750000
1360625636,24.530000000000,0.500000000000
1360625636,24.530000000000,0.500000000000
1360625637,24.530000000000,0.500000000000
1360625637,24.575280000000,0.010000000000
1360625658,24.530000000000,0.511029220000
1360625659,24.575260000000,0.010000000000
1360625664,24.575260000000,1.000000000000
1360625687,24.575250000000,0.500000000000
1360625695,24.575250000000,1.627700000000
1360625702,24.575240000000,0.500000000000
1360625719,24.575240000000,0.500000000000
1360625738,24.573300000000,0.500000000000
1360625756,24.573290000000,1.627700000000
1360625842,24.537950000000,0.500000000000
1360625842,24.537950000000,0.500000000000
1360625842,24.537000000000,0.500000000000
1360625842,24.530000000000,1.905419480000
1360625842,24.521000000000,16.594580520000
1360625843,24.572310000000,0.010000000000
1360625862,24.537950000000,0.500000000000
1360625869,24.537940000000,0.500000000000
1360625879,24.537940000000,0.500000000000
1360625910,24.537940000000,0.203748980000
1360625947,24.521000000000,1.381322750000
1360625947,24.512300000000,0.500000000000
1360625947,24.512300000000,0.500000000000
1360625947,24.500000000000,17.618677250000
1360625948,24.537940000000,0.010000000000
1360625954,24.546630000000,0.010000000000
1360626025,24.546620000000,5.863496260000
1360626027,24.546640000000,0.500000000000
1360626027,24.546640000000,0.500000000000
1360626028,24.563820000000,0.500000000000
1360626028,24.563820000000,0.500000000000
1360626028,24.577780000000,11.139251340000
1360626042,24.577780000000,1.557692700000
1360626086,24.546650000000,0.500000000000
1360626088,24.563820000000,0.500000000000
1360626088,24.577770000000,0.029493910000
1360626088,24.577780000000,6.869553990000
1360626101,24.546660000000,0.500000000000
1360626112,24.546660000000,0.500000000000
1360626127,24.546660000000,0.323419880000
1360626127,24.546650000000,4.676580120000
1360626130,24.563810000000,0.010000000000
1360626143,24.546650000000,0.500000000000
1360626144,24.563810000000,0.010000000000
1360626166,24.546650000000,0.500000000000
1360626168,24.563810000000,0.010000000000
1360626242,24.546650000000,3.040000000000
1360626243,24.559990000000,0.010000000000
1360626281,24.546650000000,4.000000000000
1360626282,24.559990000000,0.010000000000
1360626287,24.559990000000,1.273925970000
1360626287,24.560000000000,5.000000000000
1360626287,24.560000000000,9.568144760000
1360626297,24.546660000000,0.763258100000
1360626297,24.546650000000,4.236741900000
1360626302,24.546650000000,2.076477980000
1360626303,24.546650000000,0.968400000000
1360626303,24.501790000000,0.500000000000
1360626303,24.500000000000,1.455122020000
1360626304,24.500000000000,2.142150560000
1360626336,24.570500000000,0.793680430000
1360626336,24.570510000000,0.500000000000
1360626338,24.570510000000,0.500000000000
1360626338,24.587710000000,0.500000000000
1360626338,24.587710000000,0.500000000000
1360626338,24.600000000000,2.677165280000
1360626338,24.600000000000,6.208087290000
1360626342,24.536140000000,0.010000000000
1360626348,24.570510000000,0.500000000000
1360626348,24.587710000000,0.500000000000
1360626348,24.600000000000,3.048696100000
1360626355,24.536150000000,0.010000000000
1360626366,24.600000000000,3.473216610000
1360626366,24.600000000000,3.923437590000
1360626371,24.550880000000,0.010000000000
1360626505,24.562810000000,1.010000000000
1360626526,24.597210000000,0.500000000000
1360626527,24.597210000000,0.479100670000
1360626528,24.560010000000,0.010000000000
1360626530,24.597200000000,0.532669170000
1360626530,24.600000000000,84.976562410000
1360626530,24.600000000000,14.490768420000
1360626534,24.562800000000,0.010000000000
1360626539,24.560020000000,0.010000000000
1360626552,24.600000000000,0.729231580000
1360626559,24.600000000000,0.500000000000
1360626586,24.600000000000,0.500000000000
1360626620,24.610860000000,0.011096090000
1360626623,24.611190000000,0.008207780000
1360626628,24.611410000000,0.023950000000
1360626629,24.617590000000,0.040200000000
1360626629,24.618960000000,0.123400000000
1360626631,24.620000000000,10.000000000000
1360626631,24.620000000000,0.250000000000
1360626631,24.625800000000,1.221129730000
1360626632,24.600000000000,0.005245000000
1360626688,24.625790000000,0.016644130000
1360626688,24.625800000000,0.483355870000
1360626699,24.618960000000,0.123400000000
1360626699,24.625800000000,0.295514400000
1360626704,24.629200000000,1.100000000000
1360626704,24.630000000000,2.948362800000
1360626782,24.625800000000,11.930000000000
1360626791,24.625800000000,4.384259060000
1360626801,24.630000000000,7.051637200000
1360626915,24.631200000000,0.010000000000
1360626979,24.630010000000,4.057922830000
1360627002,24.630000000000,8.942077170000
1360627002,24.631200000000,1.990000000000
1360627002,24.639990000000,0.100000000000
1360627003,24.640000000000,0.250000000000
1360627003,24.649870000000,0.531090000000
1360627003,24.650000000000,4.382253530000
1360627043,24.649990000000,0.024966200000
1360627043,24.650000000000,0.617746470000
1360627043,24.650000000000,18.820593330000
1360627060,24.650000000000,0.336185820000
1360627064,24.650000000000,5.718220850000
1360627064,24.650000000000,2.850579150000
1360627068,24.625800000000,0.500000000000
1360627068,24.650000000000,97.149420850000
1360627076,24.650230000000,0.202210000000
1360627077,24.650490000000,0.123400000000
1360627077,24.660000000000,0.250000000000
1360627077,24.668000000000,2.000000000000
1360627077,24.669700000000,8.000000000000
1360627078,24.669990000000,0.100000000000
1360627078,24.674200000000,0.015870000000
1360627078,24.675020000000,0.771798310000
1360627078,24.675030000000,6.832225290000
1360627100,24.650000000000,0.371233110000
1360627100,24.650000000000,0.497250000000
1360627101,24.650000000000,0.478238420000
1360627129,24.650000000000,1.091100000000
1360627237,24.386510000000,0.412757620000
1360627241,24.386510000000,21.754426540000
1360627267,24.386510000000,8.262815840000
1360627333,24.648880000000,0.123400000000
1360627334,24.673990000000,0.037449300000
1360627334,24.674000000000,0.848113440000
1360627346,24.673000000000,5.838991800000
1360627352,24.600000000000,2.400000000000
1360627354,24.600000000000,12.115523420000
1360627363,24.599990000000,0.500000000000
1360627364,24.599990000000,0.500000000000
1360627387,24.673000000000,0.012000000000
1360627394,24.649570000000,0.123400000000
1360627394,24.673000000000,7.661922400000
1360627398,24.612290000000,0.500000000000
1360627413,24.612300000000,0.499500000000
1360627416,24.612300000000,0.406942920000
1360627416,24.590160000000,0.500000000000
1360627416,24.577860000000,0.500000000000
1360627416,24.570000000000,19.400000000000
1360627417,24.560650000000,0.500000000000
1360627418,24.543460000000,0.500000000000
1360627418,24.543460000000,0.500000000000
1360627425,24.531000000000,59.912200000000
1360627425,24.526280000000,0.500000000000
1360627425,24.442960000000,2.574779400000
1360627436,24.412230000000,20.000000000000
1360627438,24.412230000000,0.647047520000
1360627439,24.412230000000,2.419039200000
1360627439,24.412230000000,0.500000000000
1360627440,24.412230000000,0.500000000000
1360627446,24.585000000000,0.500000000000
1360627446,24.560000000000,4.931855240000
1360627449,24.412230000000,11.000000000000
1360627450,24.412230000000,5.000000000000
1360627451,24.560000000000,2.000000000000
1360627456,24.412230000000,0.500000000000
1360627456,24.412230000000,0.500000000000
1360627458,24.560000000000,51.588144760000
1360627461,24.412230000000,16.320000000000
1360627464,24.412230000000,2.279921400000
1360627468,24.412230000000,0.770723930000
1360627468,24.537000000000,0.304405710000
1360627468,24.537000000000,0.195594290000
1360627468,24.530000000000,0.413217130000
1360627470,24.412230000000,14.680000000000
1360627473,24.412230000000,0.500000000000
1360627473,24.412230000000,0.500000000000
1360627474,24.530000000000,0.500000000000
1360627474,24.530000000000,0.500000000000
1360627474,24.530000000000,0.500000000000
1360627475,24.412230000000,13.240000000000
1360627476,24.412230000000,39.336492400000
1360627477,24.412230000000,31.324708470000
1360627484,24.530010000000,0.500000000000
1360627484,24.530010000000,0.470571280000
1360627484,24.530000000000,0.029428720000
1360627484,24.530000000000,0.385778710000
1360627484,24.530000000000,0.500000000000
1360627487,24.530010000000,0.430584380000
1360627487,24.530000000000,0.340973040000
1360627499,24.530000000000,0.500000000000
1360627499,24.530000000000,0.500000000000
1360627499,24.530000000000,0.500000000000
1360627500,24.543030000000,2.057486450000
1360627500,24.543220000000,0.500000000000
1360627500,24.575730000000,0.771557420000
1360627501,24.600540000000,6.670956130000
1360627504,24.530010000000,0.010000000000
1360627505,24.530010000000,0.500000000000
1360627506,24.530010000000,0.497000000000
1360627533,24.500010000000,0.010000000000
1360627618,24.559990000000,4.358957990000
1360627618,24.560000000000,12.225726810000
1360627619,24.512840000000,0.010000000000
1360627626,24.560000000000,5.000000000000
1360627629,24.512850000000,0.010000000000
1360627629,24.560000000000,3.892661200000
1360627635,24.512850000000,0.010000000000
1360627639,24.560000000000,2.575300000000
1360627640,24.512850000000,0.010000000000
1360627691,24.519270000000,0.529296660000
1360627691,24.519250000000,0.500000000000
1360627692,24.512900000000,0.254818440000
1360627696,24.510010000000,0.010000000000
1360627720,24.519250000000,0.500000000000
1360627733,24.510010000000,0.010000000000
1360627739,24.510010000000,0.999136060000
1360627740,24.510000000000,99.000863940000
1360627742,24.529980000000,0.010000000000
1360627791,24.510000000000,0.999136060000
1360627791,24.500000000000,10.000863940000
1360627794,24.500010000000,2.206406430000
1360627794,24.500000000000,8.793593570000
1360627797,24.530000000000,0.010000000000
1360627797,24.502840000000,0.500000000000
1360627797,24.500000000000,10.500000000000
1360627800,24.500000000000,11.000000000000
1360627804,24.500000000000,9.306457300000
1360627805,24.500000000000,0.004399590000
1360627805,24.500000000000,1.000000000000
1360627805,24.500000000000,0.689143110000
1360627806,24.530000000000,0.010000000000
1360627816,24.502840000000,0.500000000000
1360627816,24.500000000000,10.500000000000
1360627819,24.530000000000,1.223100000000
1360627819,24.500000000000,11.000000000000
1360627830,24.530000000000,2.726897810000
1360627830,24.530010000000,10.000000000000
1360627830,24.537160000000,0.500000000000
1360627831,24.537160000000,0.500000000000
1360627831,24.554340000000,0.500000000000
1360627831,24.554340000000,0.499000000000
1360627831,24.560000000000,5.445527280000
1360627836,24.500000000000,5.836332390000
1360627852,24.500000000000,171.974524500000
1360627861,24.500000000000,42.916865300000
1360627870,24.500000000000,0.010000000000
1360627875,24.500000000000,0.015000000000
1360627889,24.500000000000,16.195420700000
1360627890,24.500000000000,0.212474280000
1360627907,24.488000000000,0.273809700000
1360627916,24.490000000000,0.022500000000
1360627960,24.488000000000,0.226190300000
1360627960,24.471860000000,0.266353780000
1360628000,24.488010000000,0.033750000000
1360628001,24.490000000000,12.889886800000
1360628030,24.480000000000,0.063549410000
1360628032,24.480000000000,0.936450590000
1360628032,24.490000000000,2.110113200000
1360628032,24.490000000000,9.000000000000
1360628032,24.500000000000,7.416742210000
1360628034,24.460010000000,0.010000000000
1360628040,24.498070000000,0.266220600000
1360628040,24.500000000000,7.519101800000
1360628041,24.460010000000,0.010000000000
1360628057,24.471900000000,4.204074500000
1360628058,24.471900000000,0.033750000000
1360628071,24.490000000000,2.000000000000
1360628071,24.500000000000,4.228255900000
1360628072,24.460010000000,0.010000000000
1360628085,24.490000000000,2.140967700000
1360628089,24.471910000000,0.010000000000
1360628105,24.490000000000,4.700000000000
1360628106,24.471910000000,0.010000000000
1360628114,24.471910000000,1.331497320000
1360628124,24.468820000000,0.010000000000
1360628205,24.468810000000,0.500000000000
1360628234,24.471910000000,7.764000000000
1360628292,24.468800000000,5.233303110000
1360628307,24.468810000000,4.762274740000
1360628308,24.468810000000,1.774522150000
1360628324,24.468800000000,0.100000000000
1360628325,24.460010000000,0.716373660000
1360628325,24.460000000000,1.000000000000
1360628326,24.460000000000,0.295714300000
1360628342,24.468800000000,16.195420700000
1360628362,24.468800000000,1.930057150000
1360628362,24.471910000000,10.993579650000
1360628368,24.471910000000,1.789613090000
1360628369,24.498670000000,0.499750000000
1360628369,24.500000000000,10.751049910000
1360628371,24.439010000000,0.010000000000
1360628374,24.460000000000,4.152557150000
1360628374,24.499990000000,2.477915490000
1360628374,24.500000000000,1.711884960000
1360628377,24.500000000000,4.054594500000
1360628378,24.439020000000,0.010000000000
1360628382,24.500000000000,6.228255900000
1360628383,24.447290000000,0.010000000000
1360628384,24.500000000000,7.785322400000
1360628388,24.447290000000,0.010000000000
1360628424,24.456520000000,3.778807370000
1360628448,24.456610000000,3.438701610000
1360628473,24.456610000000,1.175044580000
1360628473,24.456600000000,1.954163660000
1360628478,24.499980000000,0.010000000000
1360628498,24.499980000000,3.918778700000
1360628507,24.461170000000,0.253019320000
1360628517,24.499980000000,0.010000000000
1360628523,24.461170000000,0.010000000000
1360628537,24.461170000000,0.010000000000
1360628549,24.456600000000,2.847548820000
1360628553,24.495420000000,0.010000000000
1360628565,24.456610000000,0.010000000000
1360628567,24.495420000000,0.010000000000
1360628596,24.458890000000,0.759046100000
1360628597,24.458880000000,0.500000000000
1360628597,24.456600000000,1.332204100000
1360628615,24.470000000000,2.833182840000
1360628624,24.493140000000,0.010000000000
1360628626,24.470000000000,0.010000000000
1360628629,24.470000000000,2.358027450000
1360628632,24.493140000000,2.366557910000
1360628634,24.493150000000,0.500000000000
1360628634,24.493150000000,0.272632810000
1360628634,24.500000000000,13.445494080000
1360628641,24.500000000000,0.001212240000
1360628651,24.470010000000,2.145792300000
1360628664,24.499990000000,0.010000000000
1360628664,24.500000000000,29.990000000000
1360628667,24.470010000000,1.831508570000
1360628669,24.470000000000,48.168491430000
1360628681,24.499990000000,2.145792300000
1360628681,24.500000000000,7.543801320000
1360628705,24.500000000000,0.010000000000
1360628706,24.500000000000,0.061400000000
1360628710,24.500000000000,11.600000000000
1360628723,24.470000000000,0.010000000000
1360628753,24.470000000000,46.620298280000
1360628753,24.456600000000,3.866083420000
1360628753,24.451000000000,0.409000000000
1360628753,24.450730000000,0.500000000000
1360628753,24.439000000000,0.500000000000
1360628753,24.433620000000,0.500000000000
1360628753,24.428520000000,4.093576290000
1360628753,24.416510000000,0.500000000000
1360628753,24.412010000000,0.110000000000
1360628753,24.412010000000,0.110000000000
1360628754,24.410000000000,0.409700000000
1360628754,24.402820000000,0.110000000000
1360628754,24.400000000000,1.000000000000
1360628754,24.400000000000,5.414266390000
1360628754,24.399990000000,0.110000000000
1360628754,24.399990000000,0.110000000000
1360628754,24.399990000000,0.110000000000
1360628754,24.390000000000,0.500000000000
1360628754,24.389990000000,0.110000000000
1360628754,24.383680000000,2.446200030000
1360628755,24.383680000000,0.010000000000
1360628766,24.390000000000,0.110000000000
1360628801,24.383500000000,0.010000000000
1360628802,24.390000000000,0.110000000000
1360628802,24.396980000000,0.110000000000
1360628802,24.396980000000,0.110000000000
1360628802,24.396980000000,0.110000000000
1360628802,24.396980000000,0.060000000000
1360628806,24.396980000000,0.050000000000
1360628806,24.397980000000,0.031800000000
1360628807,24.397980000000,0.078200000000
1360628807,24.397980000000,0.110000000000
1360628809,24.467860000000,0.010000000000
1360628816,24.500000000000,0.239852800000
1360628822,24.500000000000,0.480624060000
1360628824,24.500000000000,4.279523140000
1360628824,24.502140000000,0.500000000000
1360628824,24.531550000000,4.076383270000
1360628824,24.535450000000,59.963200000000
1360628824,24.559000000000,60.010100000000
1360628824,24.560000000000,11.610784710000
1360628824,24.590000000000,1.500000000000
1360628824,24.600000000000,58.060008880000
1360628826,24.467860000000,0.238569280000
1360628826,24.467860000000,0.063230720000
1360628827,24.467860000000,0.500000000000
1360628827,24.450730000000,0.500000000000
1360628827,24.450730000000,0.500000000000
1360628827,24.433620000000,0.500000000000
1360628827,24.433620000000,0.500000000000
1360628827,24.416510000000,0.500000000000
1360628827,24.383500000000,0.100000000000
1360628827,24.383170000000,0.110000000000
1360628827,24.382670000000,0.110000000000
1360628827,24.382510000000,0.110000000000
1360628827,24.382510000000,0.110000000000
1360628827,24.380010000000,23.773215830000
1360628827,24.380000000000,10.000000000000
1360628827,24.365080000000,0.110000000000
1360628827,24.364090000000,0.110000000000
1360628827,24.364090000000,0.110000000000
1360628827,24.364080000000,0.110000000000
1360628827,24.364080000000,0.110000000000
1360628827,24.362980000000,0.110000000000
1360628828,24.362980000000,0.110000000000
1360628828,24.362980000000,0.110000000000
1360628828,24.362980000000,0.110000000000
1360628828,24.362980000000,0.110000000000
1360628828,24.362980000000,0.110000000000
1360628828,24.361380000000,0.016570000000
1360628828,24.350000000000,1.039500000000
1360628828,24.350000000000,0.110000000000
1360628828,24.349510000000,2.442341400000
1360628828,24.342000000000,59.983500000000
1360628828,24.341000000000,0.500000000000
1360628828,24.341000000000,0.100000000000
1360628828,24.311380000000,0.023740000000
1360628828,24.310000000000,1.028400000000
1360628828,24.302000000000,1.000000000000
1360628828,24.300100000000,14.169502050000
1360628855,24.397980000000,0.100000000000
1360628855,24.397980000000,0.110000000000
1360628855,24.399990000000,0.110000000000
1360628855,24.399990000000,0.110000000000
1360628855,24.399990000000,0.110000000000
1360628855,24.400000000000,0.110000000000
1360628855,24.400000000000,0.110000000000
1360628855,24.400000000000,0.110000000000
1360628855,24.410000000000,0.110000000000
1360628856,24.410000000000,0.110000000000
1360628856,24.410000000000,0.110000000000
1360628856,24.410000000000,0.110000000000
1360628858,24.434580000000,0.110000000000
1360628859,24.434580000000,0.110000000000
1360628859,24.434690000000,0.110000000000
1360628859,24.434690000000,0.110000000000
1360628859,24.434690000000,0.060000000000
1360628859,24.434690000000,0.050000000000
1360628862,24.488500000000,0.997000000000
1360628862,24.502140000000,0.500000000000
1360628863,24.533450000000,28.503000000000
1360628866,24.450730000000,0.450000000000
1360628866,24.428520000000,0.050000000000
1360628867,24.428520000000,1.952585080000
1360628874,24.428520000000,0.780991210000
1360628874,24.416510000000,0.219008790000
1360628877,24.438800000000,0.500000000000
1360628912,24.438810000000,1.776835650000
1360628926,24.439000000000,5.000000000000
1360628927,24.439000000000,5.000000000000
1360628929,24.439010000000,5.200000000000
1360628930,24.439010000000,0.500000000000
1360628931,24.439010000000,0.500000000000
1360628932,24.439010000000,0.500000000000
1360628933,24.439010000000,0.500000000000
1360628936,24.493100000000,0.010000000000
1360628940,24.439010000000,0.400000000000
1360628941,24.439010000000,0.100000000000
1360628942,24.493100000000,11.324382150000
1360628943,24.493110000000,4.871038550000
1360628945,24.493100000000,0.010000000000
1360628945,24.439010000000,1.208469260000
1360628965,24.439000000000,1.178502840000
1360628975,24.439000000000,4.510000000000
1360628978,24.439010000000,19.463306000000
1360628983,24.439010000000,0.500000000000
1360628988,24.439010000000,0.500000000000
1360629007,24.439000000000,1.072418760000
1360629008,24.439010000000,0.500000000000
1360629089,24.439000000000,0.010000000000
1360629092,24.439000000000,0.975865890000
1360629097,24.439000000000,0.010000000000
1360629123,24.421910000000,0.851215670000
1360629124,24.412500000000,0.036809200000
1360629136,24.412510000000,0.808096910000
1360629138,24.412510000000,0.010000000000
1360629150,24.412510000000,0.477131190000
1360629151,24.412500000000,0.258232500000
1360629161,24.412510000000,0.669175630000
1360629171,24.430000000000,2.632100000000
1360629173,24.412510000000,0.010000000000
1360629184,24.412510000000,0.608940420000
1360629190,24.412510000000,0.010000000000
1360629198,24.412510000000,0.082143560000
1360629214,24.412500000000,0.546732630000
1360629214,24.430000000000,4.367900000000
1360629214,24.439010000000,0.085367370000
1360629227,24.412450000000,0.010000000000
1360629232,24.412500000000,0.497520970000
1360629232,24.434690000000,0.010000000000
1360629232,24.439010000000,9.732857370000
1360629232,24.459940000000,0.500000000000
1360629232,24.476060000000,5.455042360000
1360629241,24.429560000000,0.500000000000
1360629241,24.446660000000,0.500000000000
1360629241,24.463780000000,0.222493890000
1360629255,24.412500000000,0.452735080000
1360629255,24.429560000000,0.500000000000
1360629255,24.446660000000,0.500000000000
1360629255,24.463780000000,0.277506110000
1360629255,24.463780000000,0.500000000000
1360629256,24.476050000000,5.560238120000
1360629256,24.480900000000,0.500000000000
1360629256,24.507640000000,3.575820690000
1360629264,24.507640000000,4.054594500000
1360629266,24.507640000000,11.483346500000
1360629268,24.429560000000,0.214899290000
1360629268,24.508640000000,0.292462310000
1360629268,24.530550000000,18.802182000000
1360629270,24.530540000000,0.088245220000
1360629271,24.530550000000,0.929587390000
1360629273,24.412460000000,0.010000000000
1360629276,24.530550000000,40.252130610000
1360629276,24.531550000000,4.076383270000
1360629276,24.550000000000,124.452340120000
1360629280,24.550000000000,8.174586500000
1360629288,24.500000000000,11.875617550000
1360629289,24.500000000000,0.521641110000
1360629293,24.500000000000,4.203665810000
1360629295,24.428530000000,0.010000000000
1360629340,24.447150000000,0.500000000000
1360629360,24.447150000000,0.500000000000
1360629401,24.499990000000,0.010000000000
1360629484,24.498000000000,0.010000000000
1360629505,24.499990000000,0.010000000000
1360629509,24.499990000000,0.449000000000
1360629510,24.499990000000,4.624492310000
1360629510,24.500000000000,11.246588160000
1360629511,24.460100000000,0.010000000000
1360629527,24.500000000000,16.584684800000
1360629529,24.460110000000,0.010000000000
1360629535,24.499990000000,4.982825520000
1360629535,24.500000000000,5.567802570000
1360629535,24.500000000000,1.516619610000
1360629536,24.460110000000,0.010000000000
1360629539,24.500000000000,0.204498980000
1360629542,24.460110000000,0.010000000000
1360629545,24.500000000000,2.335594700000
1360629548,24.460110000000,0.010000000000
1360629555,24.500000000000,5.933286710000
1360629555,24.519250000000,1.852035690000
1360629556,24.460110000000,0.010000000000
1360629563,24.519240000000,0.026916750000
1360629563,24.519250000000,3.865744450000
1360629564,24.460110000000,0.010000000000
1360629570,24.519250000000,4.282219860000
1360629570,24.549900000000,0.133500000000
1360629570,24.550000000000,5.162170740000
1360629574,24.460120000000,0.010000000000
1360629578,24.549990000000,0.040667670000
1360629578,24.550000000000,18.965663830000
1360629579,24.460120000000,0.010000000000
1360629638,24.487900000000,10.000000000000
1360629678,24.549900000000,0.100000000000
1360629679,24.550000000000,4.399800000000
1360629680,24.487900000000,0.010000000000
1360629701,24.549990000000,0.010000000000
1360629727,24.501750000000,0.349433500000
1360629727,24.484590000000,0.058741750000
1360629729,24.522190000000,0.010000000000
1360629755,24.501740000000,0.500000000000
1360629760,24.501730000000,0.500000000000
1360629772,24.536050000000,0.010000000000
1360629772,24.484600000000,2.435745840000
1360629778,24.484600000000,0.500000000000
1360629790,24.484600000000,10.024254160000
1360629790,24.527490000000,0.500000000000
1360629790,24.544660000000,0.500000000000
1360629790,24.549900000000,0.100000000000
1360629790,24.550000000000,14.972263950000
1360629795,24.522190000000,8.306247660000
1360629797,24.550000000000,3.930067820000
1360629833,24.527480000000,3.407213830000
1360629833,24.527490000000,0.500000000000
1360629833,24.544660000000,0.057962380000
1360629833,24.549900000000,0.100000000000
1360629833,24.550000000000,3.752425790000
1360629836,24.550000000000,307.674490020000
1360629845,24.550000000000,7.801118800000
1360629847,24.550000000000,19.796300000000
1360629857,24.549900000000,0.100000000000
1360629857,24.550000000000,11.396385600000
1360629868,24.550000000000,9.593212300000
1360629877,24.550000000000,32.407300000000
1360629881,24.550000000000,3.896923400000
1360629889,24.550000000000,12.080458500000
1360629896,24.522200000000,3.407238980000
1360629896,24.522190000000,11.267852340000
1360629896,24.518920000000,0.500000000000
1360629896,24.484610000000,0.500000000000
1360629896,24.467470000000,0.500000000000
1360629896,24.467470000000,0.500000000000
1360629897,24.442770000000,28.724908680000
1360629903,24.527490000000,0.500000000000
1360629903,24.544660000000,0.500000000000
1360629903,24.550000000000,14.587683500000
1360629944,24.549900000000,0.100000000000
1360629944,24.550000000000,19.453971890000
1360629946,24.550000000000,8.510876100000
1360629946,24.550000000000,1.013201700000
1360629947,24.550000000000,7.404148400000
1360629949,24.484620000000,0.010000000000
1360629957,24.550000000000,1.558773400000
1360629988,24.534460000000,3.000000000000
1360630012,24.534460000000,0.407238980000
1360630014,24.534460000000,0.010410430000
1360630028,24.534470000000,0.500000000000
1360630028,24.549900000000,0.100000000000
1360630028,24.550000000000,4.400000000000
1360630042,24.534470000000,0.499000000000
1360630042,24.550000000000,0.909200000000
1360630147,24.534460000000,0.200000000000
1360630205,24.549900000000,0.100000000000
1360630205,24.550000000000,2.040967700000
1360630274,24.534460000000,0.382350590000
1360630289,24.534450000000,5.617649410000
1360630290,24.549900000000,0.100000000000
1360630292,24.550000000000,13.745656590000
1360630332,24.525060000000,0.399841420000
1360630334,24.525050000000,0.500000000000
1360630353,24.550000000000,19.463306000000
1360630360,24.520350000000,0.010000000000
1360630364,24.549900000000,0.100000000000
1360630364,24.550000000000,19.209543600000
1360630366,24.520360000000,0.010000000000
1360630367,24.520360000000,3.458106410000
1360630378,24.520340000000,0.500000000000
1360630382,24.507890000000,0.633521670000
1360630406,24.520340000000,0.141893590000
1360630408,24.549890000000,0.010000000000
1360630603,24.545110000000,0.253576380000
1360630608,24.545110000000,4.227902300000
1360630608,24.545120000000,0.500000000000
1360630608,24.545120000000,0.500000000000
1360630608,24.549900000000,0.100000000000
1360630608,24.550000000000,2.457420100000
1360630610,24.506010000000,0.010000000000
1360630615,24.545120000000,0.151317640000
1360630615,24.550000000000,3.935980660000
1360630616,24.506010000000,0.010000000000
1360630686,24.540000000000,0.336460030000
1360630687,24.510790000000,0.010000000000
1360630794,24.510790000000,0.080000000000
1360630804,24.540000000000,4.075000000000
1360630806,24.510790000000,0.010000000000
1360630809,24.540000000000,7.433600000000
1360630822,24.510790000000,0.010000000000
1360630832,24.540000000000,19.561900000000
1360630839,24.510790000000,0.010000000000
1360630847,24.510790000000,6.673410580000
1360630882,24.510790000000,3.326589420000
1360630884,24.540000000000,12.886546680000
1360630926,24.506000000000,1.000000000000
1360630926,24.500000000000,2.000000000000
1360630926,24.500000000000,20.000000000000
1360630926,24.500000000000,10.000000000000
1360630926,24.456800000000,0.500000000000
1360630926,24.456000000000,1.000000000000
1360630928,24.429520000000,9.499900000000
1360630938,24.526670000000,0.499750000000
1360630938,24.540000000000,19.062150000000
1360630939,24.540000000000,10.131996800000
1360630941,24.458080000000,0.500000000000
1360630941,24.429520000000,42.500000000000
1360630977,24.500000000000,0.073073870000
1360630991,24.500000000000,0.011000000000
1360631066,24.492360000000,2.000000000000
1360631154,24.500000000000,6.000600000000
1360631177,24.500000000000,19.334864300000
1360631189,24.500000000000,2.532999200000
1360631194,24.500000000000,8.500000000000
1360631199,24.500000000000,3.106270580000
1360631199,24.506660000000,0.499750000000
1360631199,24.540000000000,11.981662920000
1360631202,24.539990000000,7.404148400000
1360631202,24.438140000000,0.010000000000
1360631204,24.539990000000,1.371782250000
1360631205,24.540000000000,4.709367150000
1360631208,24.438150000000,0.010000000000
1360631212,24.539980000000,0.059318320000
1360631212,24.540000000000,9.821316420000
1360631212,24.549900000000,0.100000000000
1360631212,24.550000000000,9.503972160000
1360631261,24.549990000000,0.019005730000
1360631262,24.550000000000,4.072756770000
1360631263,24.494040000000,0.010000000000
1360631284,24.500010000000,2.237074800000
1360631304,24.500010000000,5.000000000000
1360631338,24.500010000000,0.406800000000
1360631352,24.549990000000,0.010000000000
1360631361,24.507850000000,0.307346380000
1360631361,24.507840000000,0.500000000000
1360631388,24.500010000000,0.192653620000
1360631389,24.549990000000,0.010000000000
1360631472,24.510780000000,7.793846800000
1360631480,24.510780000000,0.046110650000
1360631480,24.510780000000,0.010000000000
1360631480,24.510790000000,1.343889350000
1360631484,24.510790000000,8.656110650000
1360631484,24.538230000000,0.500000000000
1360631484,24.549900000000,0.200000000000
1360631484,24.550000000000,10.128496250000
1360631497,24.538230000000,0.192307290000
1360631548,24.538240000000,0.417215090000
1360631548,24.509770000000,0.500000000000
1360631548,24.503910000000,0.500000000000
1360631548,24.500000000000,3.703895100000
1360631548,24.492610000000,0.500000000000
1360631548,24.469610000000,0.500000000000
1360631548,24.452480000000,0.500000000000
1360631549,24.429520000000,38.778889810000
1360631567,24.549890000000,0.609521940000
1360631571,24.549890000000,4.800000000000
1360631606,24.549900000000,0.200000000000
1360631606,24.549900000000,0.749625000000
1360631606,24.549900000000,0.200000000000
1360631631,24.549900000000,0.524737500000
1360631631,24.550000000000,9.475262500000
1360631651,24.550000000000,5.000000000000
1360631664,24.549890000000,0.760478060000
1360631671,24.549870000000,0.010391710000
1360631672,24.549880000000,0.239521940000
1360631672,24.549900000000,0.367316250000
1360631672,24.549900000000,0.367316250000
1360631672,24.550000000000,4.015453850000
1360631672,24.515600000000,0.010000000000
1360631726,24.549900000000,0.100000000000
1360631727,24.550000000000,4.900000000000
1360631729,24.532780000000,0.010000000000
1360631734,24.550000000000,5.000000000000
1360631738,24.550000000000,16.213136100000
1360631745,24.550000000000,2.113803250000
1360631758,24.550000000000,15.587683500000
1360631761,24.550000000000,2.592300000000
1360631763,24.550000000000,12.859835100000
1360631782,24.549900000000,0.100000000000
1360631782,24.550000000000,2.432999200000
1360631783,24.550000000000,19.484606900000
1360631789,24.532780000000,1.307165700000
1360631791,24.532770000000,6.081149400000
1360631803,24.532770000000,2.182276700000
1360631812,24.532770000000,5.650535900000
1360631816,24.532770000000,6.081149400000
1360631818,24.532770000000,2.182276700000
1360631840,24.524220000000,0.007132060000
1360631894,24.532770000000,7.215446200000
1360631896,24.545650000000,0.010000000000
1360631909,24.545650000000,0.011700000000
1360631914,24.545650000000,1.282206490000
1360631917,24.545660000000,0.489755000000
1360631986,24.549890000000,0.010000000000
1360631986,24.549900000000,0.100000000000
1360632029,24.550000000000,7.528800000000
1360632082,24.550000000000,7.785322400000
1360632098,24.550000000000,19.463306000000
1360632106,24.550000000000,15.570644800000
1360632123,24.550000000000,13.196124700000
1360632131,24.550000000000,19.309543600000
1360632146,24.550000000000,13.818951300000
1360632276,24.549900000000,0.000046430000
1360632280,24.549890000000,0.251518300000
1360632280,24.550000000000,1.748481700000
1360632328,24.532780000000,1.290148410000
1360632328,24.481280000000,0.500000000000
1360632328,24.467000000000,0.080000000000
1360632329,24.430000000000,18.129851590000
1360632337,24.549990000000,0.010000000000
1360632398,24.549990000000,1.280148410000
1360632398,24.550000000000,6.505173990000
1360632407,24.549980000000,0.010000000000
1360632407,24.550000000000,19.299543600000
1360632409,24.550000000000,13.196124700000
1360632411,24.550000000000,10.120917100000
1360632417,24.550000000000,13.818951300000
1360632426,24.550000000000,8.758487700000
1360632438,24.550000000000,4.671189400000
1360632453,24.550000000000,18.684777800000
1360632471,24.550000000000,2.569157200000
1360632495,24.550000000000,0.020000000000
1360632536,24.550000000000,0.013500000000
1360632645,24.532790000000,0.000038290000
1360632704,24.532790000000,1.293704540000
1360632704,24.524170000000,0.500000000000
1360632704,24.524170000000,0.500000000000
1360632705,24.500000000000,0.646871420000
1360632705,24.486000000000,0.010000000000
1360632714,24.500000000000,0.500000000000
1360632714,24.500000000000,0.500000000000
1360632716,24.489840000000,0.500000000000
1360632716,24.486010000000,0.965307130000
1360632716,24.486000000000,0.140000000000
1360632716,24.472700000000,0.500000000000
1360632716,24.472700000000,0.438835870000
1360632717,24.500000000000,0.965307130000
1360632721,24.500000000000,0.150000000000
1360632729,24.500000000000,6.812712600000
1360632747,24.500000000000,5.644819300000
1360632758,24.500000000000,13.625415100000
1360632762,24.500000000000,3.892974300000
1360632870,24.500000000000,1.221995930000
1360632893,24.500000000000,3.061200000000
1360633012,24.500000000000,19.311109100000
1360633026,24.500000000000,1.521890580000
1360633027,24.503500000000,0.500000000000
1360633027,24.537810000000,0.500000000000
1360633027,24.549900000000,0.100000000000
1360633028,24.550000000000,13.728605520000
1360633035,24.503500000000,0.500000000000
1360633035,24.520650000000,0.500000000000
1360633035,24.549990000000,3.914207140000
1360633035,24.550000000000,2.871741460000
1360633040,24.520650000000,0.500000000000
1360633040,24.537810000000,0.500000000000
1360633047,24.520650000000,0.500000000000
1360633047,24.550000000000,3.392974300000
1360633053,24.537810000000,0.436866450000
1360633053,24.550000000000,6.607025700000
1360633053,24.550000000000,0.742056450000
1360633062,24.469220000000,0.010000000000
1360633157,24.550000000000,16.257943550000
1360633171,24.589890000000,0.021082920000
1360633171,24.589900000000,0.182583070000
1360633172,24.550000000000,0.010000000000
1360633272,24.589900000000,1.550000000000
1360633274,24.552770000000,0.010000000000
1360633300,24.589900000000,0.267416930000
1360633300,24.589900000000,1.000000000000
1360633303,24.590000000000,0.406700000000
1360633303,24.590000000000,0.761193300000
1360633314,24.590000000000,16.661939700000
1360633316,24.590000000000,2.253943470000
1360633330,24.590000000000,1.911300000000
1360633332,24.590000000000,0.005671810000
1360633333,24.590000000000,19.463306000000
1360633335,24.554150000000,0.010000000000
1360633335,24.590000000000,0.018300000000
1360633336,24.554150000000,5.715487210000
1360633336,24.554140000000,0.500000000000
1360633336,24.536950000000,0.500000000000
1360633336,24.536950000000,0.500000000000
1360633336,24.519770000000,0.500000000000
1360633337,24.447000000000,37.684512790000
1360633342,24.447000000000,1.110000000000
1360633344,24.590000000000,0.000025210000
1360633381,24.598000000000,7.785322400000
1360633384,24.446010000000,0.010000000000