1357089254,13.336790000000,10.353808910000
1357089254,13.336800000000,1.792991090000
1357089279,13.335780000000,4.386758010000
1357089432,13.336800000000,35.667624800000
1357089885,13.335780000000,31.046963130000
1357089888,13.300010000000,0.010000000000
1357089942,13.335770000000,35.769998400000
1357089945,13.300010000000,0.010000000000
1357089989,13.300010000000,0.570000000000
1357090124,13.335770000000,39.596888660000
1357090124,13.300010000000,0.010000000000
1357090425,13.336800000000,14.833300000000
1357090425,13.300010000000,0.010000000000
1357090434,13.300010000000,39.965624550000
1357090434,13.300000000000,40.794375450000
1357090579,13.336790000000,0.052700000000
1357090580,13.336790000000,36.045748600000
1357090632,13.300010000000,2.315777880000
1357090654,13.300010000000,4.187000000000
1357090821,13.336790000000,1.800102800000
1357090824,13.300010000000,0.010000000000
1357090885,13.336790000000,2.255639100000
1357090886,13.300010000000,0.010000000000
1357090969,13.300010000000,6.350000000000
1357091238,13.336790000000,1.352736340000
1357091239,13.336800000000,2.247459160000
1357091361,13.336790000000,5.000000000000
1357091370,13.300010000000,1.000000000000
1357091381,13.334990000000,5.000000000000
1357091393,13.334990000000,0.515769650000
1357091393,13.335000000000,1.298159700000
1357091956,13.300010000000,20.000000000000
1357092066,13.334990000000,1.000114650000
1357092066,13.335000000000,6.207985350000
1357092140,13.334990000000,20.000000000000
1357092141,13.335000000000,15.986350500000
1357092147,13.300020000000,0.010000000000
1357092297,13.335000000000,35.914236500000
1357092298,13.300020000000,0.010000000000
1357092306,13.335000000000,36.040436000000
1357092307,13.300020000000,0.010000000000
1357092353,13.335000000000,7.221600000000
1357092354,13.300020000000,0.010000000000
1357092364,13.335000000000,9.000000000000
1357092366,13.300020000000,0.010000000000
1357092401,13.300020000000,0.230000000000
1357092562,13.335000000000,36.058464500000
1357092564,13.300020000000,0.010000000000
1357092807,13.335000000000,1.442340600000
1357092807,13.300020000000,0.010000000000
1357092964,13.300020000000,0.886500000000
1357093060,13.335000000000,0.359800000000
1357093061,13.300020000000,0.010000000000
1357093427,13.300020000000,36.334464320000
1357093427,13.300000000000,45.959535680000
1357093589,13.334990000000,7.211692900000
1357093767,13.300010000000,0.052511040000
1357093813,13.334990000000,30.239271420000
1357093813,13.335000000000,5.819193080000
1357093815,13.300020000000,0.010000000000
1357093921,13.334970000000,0.052053230000
1357093921,13.335000000000,4.267446770000
1357093922,13.300020000000,0.010000000000
1357093943,13.300050000000,8.130000000000
1357094156,13.335000000000,36.058464500000
1357094157,13.300050000000,0.010000000000
1357094222,13.335000000000,32.848098700000
1357094223,13.300050000000,0.010000000000
1357094277,13.335000000000,0.477423800000
1357094277,13.336800000000,34.815450600000
1357094278,13.300050000000,0.010000000000
1357094298,13.336790000000,0.020971000000
1357094298,13.336800000000,34.256489800000
1357094333,13.300010000000,8.600000000000
1357094506,13.336790000000,8.130602510000
1357094506,13.336800000000,0.386684550000
1357094506,13.350000000000,1.000000000000
1357094506,13.350000000000,2.435366040000
1357094507,13.349990000000,2.255639100000
1357094578,13.349990000000,2.000000000000
1357094743,13.348410000000,3.745800000000
1357094863,13.348410000000,0.760193780000
1357094863,13.348420000000,20.818076550000
1357094864,13.350000000000,47.408694260000
1357094864,13.355740000000,1.561972040000
1357094864,13.373500000000,60.001400000000
1357094864,13.374500000000,1.468825440000
1357094867,13.300010000000,0.010000000000
1357094894,13.373490000000,0.499745590000
1357094895,13.374500000000,27.903262310000
1357094897,13.300010000000,0.010000000000
1357094962,13.300010000000,3.560000000000
1357094966,13.374490000000,0.023935990000
1357094966,13.374500000000,7.877627310000
1357095342,13.300020000000,22.191190000000
1357095963,13.374490000000,3.560000000000
1357095963,13.374500000000,32.356458500000
1357096282,13.374490000000,22.190945240000
1357096282,13.374500000000,2.232076860000
1357096283,13.300010000000,0.010000000000
1357096635,13.374500000000,5.025000000000
1357096692,13.374500000000,29.907600000000
1357097003,13.374500000000,20.486700000000
1357097448,13.374500000000,35.581178900000
1357097504,13.374500000000,25.107680900000
1357097903,13.372500000000,0.755440000000
1357097953,13.374500000000,31.228342740000
1357098088,13.374500000000,10.043076400000
1357098124,13.374500000000,2.255639100000
1357098317,13.374500000000,0.789886050000
1357098322,13.372500000000,0.210113940000
1357098410,13.374500000000,22.648347620000
1357098498,13.378000000000,0.100000000000
1357098498,13.378000000000,0.100000000000
1357098498,13.378000000000,0.100000000000
1357098498,13.378000000000,0.100000000000
1357098498,13.378000000000,0.010000000000
1357098498,13.378000000000,0.010000000000
1357098498,13.378000000000,0.010000000000
1357098498,13.378000000000,0.010000000000
1357098498,13.378000000000,0.010000000000
1357098498,13.378000000000,0.010000000000
1357098498,13.378000000000,0.010000000000
1357098498,13.378000000000,0.010000000000
1357098498,13.378000000000,0.010000000000
1357098498,13.378000000000,0.010000000000
1357098498,13.378000000000,0.010000000000
1357098498,13.378000000000,0.010000000000
1357098498,13.378000000000,0.010000000000
1357098498,13.378000000000,0.010000000000
1357098499,13.378000000000,0.010000000000
1357098499,13.378000000000,0.010000000000
1357098499,13.378000000000,0.010000000000
1357098499,13.378000000000,0.010000000000
1357098499,13.378000000000,0.010000000000
1357098499,13.378000000000,0.010000000000
1357098499,13.378000000000,0.010000000000
1357098499,13.378000000000,0.010000000000
1357098499,13.378000000000,0.010000000000
1357098499,13.378000000000,0.010000000000
1357098499,13.378000000000,0.010000000000
1357098499,13.378000000000,0.010000000000
1357098499,13.378000000000,0.010000000000
1357098499,13.379800000000,0.100000000000
1357098499,13.379800000000,0.100000000000
1357098499,13.379800000000,0.100000000000
1357098499,13.379800000000,0.100000000000
1357098499,13.379800000000,0.010000000000
1357098499,13.379800000000,0.010000000000
1357098500,13.379800000000,0.010000000000
1357098500,13.379800000000,0.010000000000
1357098500,13.379800000000,0.010000000000
1357098500,13.379800000000,0.010000000000
1357098500,13.379800000000,0.010000000000
1357098500,13.379800000000,0.010000000000
1357098500,13.379800000000,0.010000000000
1357098500,13.379800000000,0.010000000000
1357098500,13.379800000000,0.010000000000
1357098500,13.379800000000,0.010000000000
1357098500,13.379800000000,0.010000000000
1357098500,13.379800000000,0.010000000000
1357098500,13.379800000000,0.010000000000
1357098500,13.379800000000,0.010000000000
1357098500,13.379800000000,0.010000000000
1357098500,13.379800000000,0.010000000000
1357098500,13.379800000000,0.010000000000
1357098500,13.379800000000,0.010000000000
1357098500,13.379800000000,0.010000000000
1357098500,13.379800000000,0.010000000000
1357098501,13.379800000000,0.010000000000
1357098501,13.379800000000,0.010000000000
1357098501,13.379800000000,0.010000000000
1357098501,13.379800000000,0.010000000000
1357098501,13.379800000000,0.010000000000
1357098501,13.379800000000,0.010000000000
1357098501,13.379800000000,0.010000000000
1357098501,13.379840000000,0.100000000000
1357098501,13.379840000000,0.100000000000
1357098501,13.380740000000,0.131735240000
1357098501,13.382570000000,0.155224420000
1357098501,13.383100000000,0.111149680000
1357098501,13.387000000000,0.100000000000
1357098501,13.387000000000,0.100000000000
1357098501,13.387000000000,0.100000000000
1357098502,13.387000000000,0.100000000000
1357098502,13.387000000000,0.010000000000
1357098502,13.387000000000,0.010000000000
1357098502,13.387000000000,0.010000000000
1357098502,13.387000000000,0.010000000000
1357098502,13.387000000000,0.010000000000
1357098502,13.387000000000,0.010000000000
1357098502,13.387000000000,0.010000000000
1357098502,13.387000000000,0.010000000000
1357098502,13.387000000000,0.010000000000
1357098502,13.387000000000,0.010000000000
1357098502,13.387000000000,0.010000000000
1357098502,13.387000000000,0.010000000000
1357098503,13.387000000000,0.010000000000
1357098503,13.387000000000,0.010000000000
1357098503,13.387000000000,0.010000000000
1357098503,13.387000000000,0.010000000000
1357098503,13.387000000000,0.010000000000
1357098503,13.387000000000,0.010000000000
1357098503,13.387000000000,0.010000000000
1357098503,13.387000000000,0.010000000000
1357098503,13.387000000000,0.010000000000
1357098503,13.387000000000,0.010000000000
1357098503,13.387000000000,0.010000000000
1357098503,13.387000000000,0.010000000000
1357098503,13.387000000000,0.010000000000
1357098503,13.387000000000,0.010000000000
1357098504,13.387000000000,0.010000000000
1357098504,13.387000000000,0.010000000000
1357098504,13.387000000000,0.010000000000
1357098504,13.387000000000,0.010000000000
1357098504,13.388300000000,0.012490000000
1357098504,13.388460000000,0.159331840000
1357098505,13.388900000000,0.100000000000
1357098505,13.388900000000,0.100000000000
1357098505,13.388900000000,0.100000000000
1357098505,13.388900000000,0.100000000000
1357098505,13.388900000000,0.010000000000
1357098505,13.388900000000,0.010000000000
1357098505,13.388900000000,0.010000000000
1357098505,13.388900000000,0.010000000000
1357098505,13.388900000000,0.010000000000
1357098506,13.388900000000,0.010000000000
1357098506,13.388900000000,0.010000000000
1357098506,13.388900000000,0.010000000000
1357098506,13.388900000000,0.010000000000
1357098506,13.388900000000,0.010000000000
1357098506,13.388900000000,0.010000000000
1357098506,13.388900000000,0.010000000000
1357098506,13.388900000000,0.010000000000
1357098506,13.388900000000,0.010000000000
1357098507,13.388900000000,0.010000000000
1357098507,13.388900000000,0.010000000000
1357098507,13.388900000000,0.010000000000
1357098507,13.388900000000,0.010000000000
1357098507,13.388900000000,0.010000000000
1357098507,13.388900000000,0.010000000000
1357098507,13.388900000000,0.010000000000
1357098507,13.388900000000,0.010000000000
1357098507,13.388900000000,0.010000000000
1357098507,13.388900000000,0.010000000000
1357098507,13.388900000000,0.010000000000
1357098507,13.388900000000,0.010000000000
1357098507,13.388900000000,0.010000000000
1357098507,13.388900000000,0.010000000000
1357098508,13.389800000000,0.100000000000
1357098508,13.389800000000,0.100000000000
1357098508,13.390030000000,0.125000000000
1357098508,13.390150000000,0.091859240000
1357098508,13.390710000000,0.125000000000
1357098508,13.391600000000,0.510264580000
1357098508,13.399160000000,0.036470000000
1357098508,13.399840000000,0.100000000000
1357098508,13.400000000000,9.648727000000
1357098583,13.374510000000,13.244627270000
1357098679,13.374510000000,2.500000000000
1357098736,13.374510000000,7.476900000000
1357098773,13.374510000000,0.705100000000
1357099140,13.372500000000,3.000000000000
1357099181,13.374510000000,25.825043500000
1357099204,13.374510000000,28.711300000000