1330211060,4.695020000000,0.010000000000
1330211060,4.695030000000,0.010000000000
1330211060,4.700010000000,0.500000000000
1330211060,4.700030000000,0.003287280000
1330211060,4.719990000000,0.006725350000
1330211066,4.695000000000,0.010000000000
1330211085,4.695010000000,0.010000000000
1330211085,4.695020000000,0.010000000000
1330211085,4.695030000000,0.010000000000
1330211085,4.719990000000,0.470500000000
1330211088,4.695000000000,0.010000000000
1330211147,4.695010000000,0.010000000000
1330211196,4.695020000000,0.010000000000
1330211196,4.695030000000,0.010000000000
1330211196,4.719990000000,0.021661550000
1330211196,4.723200000000,50.158338450000
1330211201,4.695010000000,0.010000000000
1330211226,4.695020000000,0.010000000000
1330211337,4.695030000000,0.010000000000
1330211337,4.695040000000,0.010000000000
1330211349,4.723200000000,1.009300000000
1330211352,4.695040000000,0.010000000000
1330211357,4.695050000000,0.010000000000
1330211357,4.695060000000,0.010000000000
1330211357,4.695070000000,0.010000000000
1330211569,4.723050000000,0.668000000000
1330211569,4.723200000000,17.792361550000
1330211569,4.729990000000,0.498846500000
1330211569,4.730000000000,2.000000000000
1330211658,4.739990000000,0.048287800000
1330211676,4.745490000000,1.033860000000
1330211676,4.748330000000,0.050700000000
1330211676,4.749480000000,0.079226970000
1330211676,4.749990000000,0.501140900000
1330211676,4.750000000000,2.000000000000
1330211676,4.750000000000,0.047729200000
1330211676,4.750000000000,0.200000000000
1330211676,4.750000000000,2.629717280000
1330211685,4.740000000000,0.010000000000
1330211694,4.740010000000,0.010000000000
1330211694,4.740020000000,0.010000000000
1330211694,4.740020000000,0.010000000000
1330211737,4.740000000000,0.010000000000
1330211745,4.735020000000,0.010000000000
1330211789,4.735030000000,0.010000000000
1330211789,4.735040000000,0.010000000000
1330211789,4.735050000000,0.010000000000
1330211789,4.740010000000,0.010000000000
1330211789,4.740020000000,0.010000000000
1330211789,4.740030000000,0.010000000000
1330211789,4.740030000000,0.010000000000
1330211789,4.740030000000,0.010000000000
1330211789,4.740030000000,0.500000000000
1330211789,4.740040000000,0.010000000000
1330211789,4.740050000000,0.010000000000
1330211789,4.750000000000,0.400000000000
1330211794,4.735020000000,0.010000000000