1325962824,6.730000000000,3.800000000000
1325962870,6.730000000000,12.428784890000
1325962889,6.730000000000,1.774115110000
1325962889,6.730000000000,2.745884880000
1325962942,6.735620000000,0.043690000000
1325962978,6.735620000000,0.096310000000
1325962978,6.730000000000,26.943690000000
1325963142,6.740000000000,0.975522260000
1325963268,6.740850000000,13.235300000000
1325963281,6.740800000000,4.519999990000
1325963281,6.740800000000,14.720000000000
1325963281,6.740870000000,5.979300010000
1325963313,6.740870000000,6.000000000000
1325963313,6.740970000000,0.025850000000
1325963313,6.742350000000,0.070490000000
1325963313,6.746480000000,2.524625510000
1325963313,6.750000000000,1.000000000000
1325963313,6.750000000000,5.000000000000
1325963313,6.753610000000,0.043260000000
1325963313,6.754370000000,0.026490000000
1325963313,6.754410000000,2.856010000000
1325963313,6.755990000000,0.056380000000
1325963313,6.758840000000,0.167660000000
1325963313,6.759260000000,0.054720000000
1325963313,6.760000000000,1.000000000000
1325963313,6.760000000000,9.000000000000
1325963314,6.760000000000,14.720000000000
1325963314,6.762460000000,6.191213470000
1325963314,6.762720000000,0.105600000000
1325963315,6.765000000000,1.157701020000
1325963353,6.740750000000,6.000000000000
1325963366,6.740870000000,0.010000000000
1325963388,6.740900000000,4.972000000000
1325963388,6.740850000000,1.028000000000
1325963405,6.740870000000,0.010000000000
1325963459,6.740950000000,0.000300000000
1325963459,6.740850000000,1.999700000000
1325963501,6.759800000000,6.000000000000
1325963501,6.759900000000,6.634447950000
1325963563,6.769900000000,6.000000000000
1325963578,6.769900000000,6.000000000000
1325963581,6.769900000000,0.029681200000
1325963601,6.769900000000,0.050000000000
1325963624,6.769900000000,6.000000000000
1325963671,6.769900000000,0.049157520000
1325963672,6.769900000000,1.073761280000
1325963672,6.769900000000,0.049300000000
1325963676,6.769900000000,4.876938720000
1325963676,6.770000000000,1.000000000000
1325963724,6.770000000000,23.863061280000
1325963779,6.770000000000,1.000000000000
1325963823,6.769900000000,0.050000000000
1325963825,6.769900000000,1.000000000000
1325963846,6.759900000000,0.013581560000
1325963846,6.740850000000,12.972300000000
1325963846,6.730000000000,4.337125120000
1325963846,6.708750000000,0.071760000000
1325963846,6.705000000000,16.192000000000
1325963846,6.704930000000,9.250198940000
1325963846,6.695260000000,0.046390000000
1325963846,6.693300000000,0.037650000000
1325963846,6.693300000000,0.034950000000
1325963846,6.689440000000,0.021071880000
1325963846,6.687080000000,0.081550000000
1325963846,6.683420000000,0.146060000000
1325963846,6.683000000000,2.800000000000
1325963846,6.681000000000,13.111467480000
1325964002,6.742430000000,0.040750000000
1325964002,6.749340000000,0.177620000000
1325964002,6.750790000000,0.010810000000
1325964003,6.756150000000,0.048530000000
1325964003,6.765080000000,10.882290000000
1325964075,6.707030000000,0.010400000000
1325964130,6.706930000000,19.869600000000
1325964153,6.706630000000,0.022236490000
1325964153,6.700480000000,0.158860000000
1325964173,6.700000000000,25.420000000000
1325964235,6.700000000000,75.375167160000
1325964262,6.699310000000,0.085750000000
1325964276,6.699000000000,0.028000000000
1325964280,6.699000000000,12.022000000000
1325964433,6.698020000000,0.157100000000
1325964448,6.698020000000,0.089591550000
1325964606,6.695590000000,0.020900000000
1325964606,6.695290000000,0.046400000000
1325964706,6.690000000000,28.150000000000
1325964706,6.689580000000,0.084450000000
1325964706,6.686000000000,6.678933590000
1325964716,6.685000000000,29.877500000000
1325964857,6.684740000000,0.020900000000
1325964860,6.684640000000,1.479100000000
1325964860,6.685000000000,1.520900000000
1325965013,6.684440000000,4.860824200000
1325965075,6.680000000000,1.227852150000
1325965090,6.680000000000,21.449947000000
1325965116,6.685000000000,0.500000000000
1325965121,6.685000000000,1.653308450000
1325965126,6.685000000000,0.500000000000
1325965129,6.685000000000,1.653308450000
1325965141,6.685000000000,37.000000000000
1325965152,6.685000000000,25.169342300000
1325965156,6.685000000000,42.483200000000
1325965256,6.685000000000,42.000000000000
1325965258,6.685000000000,79.744741950000
1325965299,6.685000000000,149.287980550000
1325965356,6.685000000000,1.000000000000
1325965379,6.685000000000,10.000000000000
1325965389,6.685000000000,1.000000000000
1325965410,6.685000000000,1.000000000000
1325965422,6.685000000000,199.318914710000
1325965423,6.698020000000,1.000000000000
1325965444,6.691000000000,8.137600000000
1325965448,6.698020000000,0.653308450000
1325965529,6.727120000000,0.842542860000
1325965529,6.729660000000,0.907353850000
1325965529,6.736660000000,0.042900000000
1325965529,6.742430000000,0.040750000000
1325965529,6.746430000000,7.900201530000
1325965529,6.750000000000,0.994500000000
1325965529,6.750000000000,1.000000000000
1325965529,6.758840000000,0.167660000000
1325965534,6.760000000000,0.168720000000
1325965613,6.760000000000,287.935371760000
1325965637,6.740180000000,9.800000000000
1325965850,6.740180000000,0.200000000000
1325965851,6.740180000000,0.198901210000
1325965854,6.740180000000,0.197807770000
1325965857,6.740180000000,0.196758840000
1325965859,6.740180000000,0.195715840000
1325965926,6.710000000000,3.000000000000
1325965931,6.710000000000,1.709500000000
1325966039,6.710000000000,1.142117210000
1325966166,6.758460000000,5.000000000000
1325966294,6.758220000000,0.020000000000
1325966396,6.758100000000,25.760000000000
1325966396,6.758120000000,6.000000000000
1325966439,6.758120000000,25.080000000000
1325966440,6.758400000000,0.221990900000
1325966447,6.758120000000,6.000000000000
1325966563,6.758700000000,6.000000000000
1325966563,6.758800000000,5.070000000000
1325966564,6.759990000000,1.000000000000
1325966564,6.760000000000,173.439403240000
1325966564,6.760180000000,0.185900000000
1325966564,6.762490000000,0.045440000000
1325966564,6.763840000000,0.162160000000
1325966564,6.764720000000,1.010000000000
1325966564,6.765210000000,2.310729840000
1325966564,6.765700000000,0.064207850000
1325966564,6.765810000000,0.042820000000
1325966564,6.766210000000,2.560200250000
1325966564,6.769460000000,1.020100000000
1325966564,6.769530000000,0.012380000000
1325966564,6.769900000000,35.301140440000
1325966564,6.769990000000,44.300000000000
1325966579,6.771000000000,4.519999990000
1325966678,6.760000000000,6.000000000000
1325966685,6.760000000000,1.380000000000
1325966742,6.760100000000,0.010200000000
1325966742,6.760000000000,0.101644330000
1325966781,6.760000000000,1.028433500000
1325966916,6.772950000000,0.010000000000
1325967021,6.711100000000,0.010400000000
1325967021,6.711000000000,2.909600000000
1325967022,6.711000000000,5.000000000000
1325967037,6.772750000000,6.000000000000
1325967037,6.772800000000,4.519999990000
1325967039,6.772950000000,24.410000000000
1325967063,6.772950000000,23.770000000000
1325967080,6.772950000000,6.000000000000
1325967110,6.772950000000,0.050000000000
1325967204,6.773050000000,6.000000000000
1325967226,6.773050000000,5.700117370000
1325967475,6.738560000000,0.029608000000
1325967520,6.739600000000,0.100000000000
1325967550,6.772800000000,5.192541690000
1325967631,6.773050000000,6.000000000000
1325967665,6.773050000000,4.000000000000
1325967792,6.773150000000,0.043080000000
1325967792,6.773150000000,0.049000000000
1325967792,6.774200000000,1.030300000000
1325967792,6.774490000000,0.162130000000
1325967792,6.778940000000,1.040600000000
1325967798,6.780000000000,6.000000000000
1325967806,6.780000000000,1.339469370000
1325967879,6.780180000000,0.010000000000
1325967886,6.780000000000,15.335420630000
1325967886,6.780000000000,3.566000000000
1325967937,6.780000000000,11.098579370000
1325967937,6.780280000000,0.011690000000
1325967951,6.781000000000,6.000000000000
1325967965,6.781000000000,12.388230630000
1325967978,6.781000000000,7.611769370000
1325967978,6.783600000000,0.027810000000
1325967978,6.783690000000,1.051010000000
1325967978,6.788440000000,1.061520000000
1325967978,6.790000000000,10.000000000000
1325967978,6.790000000000,5.247890630000
1325968074,6.740000000000,0.400000000000
1325968075,6.740000000000,153.933100000000
1325968076,6.740000000000,13.100000000000
1325968076,6.740000000000,4.519999990000
1325968076,6.721380000000,0.076430000000
1325968076,6.719660000000,1.000000000000
1325968076,6.714960000000,1.010000000000
1325968076,6.714430000000,1.000000000000
1325968076,6.711000000000,11.360470010000
1325968249,6.776850000000,0.010000000000
1325968280,6.770000000000,0.161600000000
1325968290,6.770000000000,0.043570000000
1325968410,6.776850000000,0.010000000000
1325968473,6.776750000000,1.000000000000
1325968473,6.776750000000,0.185718810000
1325968730,6.776000000000,0.500000000000
1325968730,6.773150000000,1.500000000000
1325968744,6.770000000000,0.511900000000
1325968789,6.773150000000,1.000000000000
1325968798,6.773150000000,1.000000000000
1325968828,6.773150000000,1.000000000000
1325968837,6.773150000000,1.000000000000
1325968856,6.773150000000,1.000000000000
1325968921,6.773150000000,0.100000000000
1325968953,6.773150000000,8.000000000000
1325969091,6.775000000000,1.000000000000
1325969091,6.776850000000,0.021460000000
1325969091,6.776970000000,1.000000000000
1325969091,6.780000000000,1.000000000000
1325969109,6.780000000000,21.978540000000
1325969209,6.774900000000,6.000000000000
1325969298,6.774900000000,1.000000000000
1325969443,6.774900000000,1.135000000000
1325969613,6.774900000000,1.000000000000
1325969754,6.783550000000,6.000000000000
1325969786,6.783550000000,0.031609200000
1325969820,6.783550000000,6.000000000000
1325969836,6.783550000000,4.143548350000
1325969836,6.783540000000,0.010000000000
1325970006,6.779900000000,6.000000000000
1325970006,6.779980000000,22.550000000000
1325970006,6.780000000000,203.072801520000
1325970006,6.783550000000,20.000000000000
1325970006,6.783640000000,1.000000000000
1325970006,6.788390000000,1.010000000000
1325970006,6.789080000000,0.010270000000
1325970006,6.789900000000,2.379168100000
1325970006,6.790000000000,19.618073120000
1325970006,6.793140000000,1.000000000000
1325970006,6.793190000000,1.072140000000
1325970006,6.793730000000,0.057390000000
1325970006,6.795600000000,1.000000000000
1325970007,6.797790000000,0.100000000000
1325970007,6.797950000000,1.082860000000
1325970007,6.799720000000,0.573193390000
1325970007,6.799770000000,0.191470000000
1325970007,6.799900000000,0.037984010000
1325970007,6.799990000000,0.010000000000
1325970007,6.800000000000,3.294257220000
1325970007,6.800000000000,5.000000000000
1325970007,6.800000000000,5.000000000000
1325970007,6.800000000000,0.010523000000
1325970007,6.800000000000,0.010158400000
1325970007,6.800000000000,0.150050500000
1325970007,6.800000000000,1.163000000000
1325970007,6.800000000000,20.000000000000
1325970007,6.800000000000,3.400000000000
1325970048,6.800000000000,6.000000000000
1325970067,6.800000000000,0.050000000000
1325970079,6.800000000000,26.623099750000
1325970167,6.800000000000,1.000000000000
1325970177,6.800000000000,0.700000000000
1325970196,6.800000000000,0.010000000000