1359784973,20.160010000000,0.171807480000
1359784973,20.150000000000,7.198500000000
1359784973,20.130210000000,10.000000000000
1359784973,20.125000000000,0.250000000000
1359784973,20.120090000000,5.000000000000
1359784973,20.120090000000,5.000000000000
1359784974,20.116880000000,26.139518000000
1359784974,20.110050000000,31.919053420000
1359785014,20.110090000000,1.750000000000
1359785087,20.170000000000,8.665049520000
1359785087,20.170010000000,1.334950480000
1359785091,20.120040000000,0.010000000000
1359785138,20.170010000000,1.000000000000
1359785139,20.120080000000,0.010000000000
1359785207,20.120170000000,2.829000000000
1359785219,20.170010000000,1.590200000000
1359785219,20.170010000000,0.000029250000
1359785220,20.120170000000,0.010000000000
1359785261,20.170000000000,2.828755540000
1359785262,20.170010000000,2.285515470000
1359785265,20.120200000000,0.010000000000
1359785326,20.120220000000,1.000000000000
1359785354,20.120220000000,6.170862330000
1359785354,20.120190000000,0.578400000000
1359785354,20.120130000000,0.260000000000
1359785354,20.120000000000,0.260000000000
1359785354,20.117200000000,0.827392040000
1359785354,20.110050000000,8.985946580000
1359785354,20.110000000000,1.000000000000
1359785354,20.110000000000,54.715196910000
1359785354,20.107560000000,0.319777590000
1359785355,20.101000000000,4.497900000000
1359785355,20.095000000000,0.260000000000
1359785355,20.093050000000,1.000000000000
1359785355,20.091100000000,2.000000000000
1359785355,20.081100000000,2.000000000000
1359785355,20.077000000000,0.124524550000
1359785414,20.149990000000,0.143900000000
1359785415,20.089910000000,0.010000000000
1359785453,20.089950000000,20.000000000000
1359785491,20.149970000000,1.242544730000
1359785874,20.090010000000,2.321029910000
1359785874,20.089980000000,0.520000000000
1359785875,20.089970000000,0.601700000000
1359785875,20.089900000000,0.260000000000
1359785875,20.079580000000,0.260000000000
1359785875,20.077000000000,1.875475450000
1359785875,20.071000000000,1.161794640000
1359785999,20.090010000000,0.110000000000
1359786030,20.090010000000,1.000000000000
1359786124,20.071070000000,6.558176480000
1359786124,20.071000000000,0.838205360000
1359786125,20.070010000000,6.503618160000
1359786139,20.071090000000,0.511900000000
1359786147,20.071080000000,0.496500000000
1359786153,20.070020000000,0.491830710000
1359786153,20.070010000000,53.802169290000
1359786154,20.071080000000,1.741000000000
1359786158,20.071080000000,0.055088210000
1359786161,20.071080000000,1.567000000000
1359786169,20.071080000000,1.410000000000
1359786197,20.071080000000,1.269000000000
1359786201,20.071080000000,1.143000000000
1359786210,20.070030000000,0.260800000000
1359786210,20.070010000000,27.439200000000
1359786225,20.071080000000,8.806511790000
1359786314,20.073010000000,5.700000000000
1359786459,20.081110000000,0.325000000000
1359786459,20.072020000000,1.000000000000
1359786459,20.071420000000,0.305800000000
1359786459,20.071400000000,2.097000000000
1359786459,20.071300000000,46.479060440000
1359786612,20.070300000000,308.210000000000
1359786615,20.070300000000,0.000297490000
1359786656,20.070320000000,0.298700000000
1359786660,20.070310000000,4.310000000000
1359786665,20.070310000000,0.289100000000
1359786698,20.070300000000,447.437649250000
1359786718,20.070010000000,12.255012550000
1359786718,20.070000000000,32.184987450000
1359786759,20.079110000000,0.105000000000
1359786759,20.070120000000,0.249200000000
1359786759,20.070100000000,39.645800000000
1359786787,20.070020000000,0.242300000000
1359786787,20.070000000000,19.757700000000
1359786805,20.070200000000,290.000000000000
1359786848,20.070220000000,0.226900000000
1359786848,20.070200000000,53.558100000000
1359786877,20.080000000000,0.044051290000
1359786970,20.070320000000,0.217300000000
1359786976,20.070320000000,0.211400000000
1359786984,20.070320000000,0.205700000000
1359786990,20.070320000000,0.200200000000
1359786995,20.070320000000,0.194900000000
1359786997,20.070320000000,68.560500000000
1359787024,20.071110000000,42.620000000000
1359787139,20.080000000000,0.016400000000
1359787176,20.071150000000,3.000000000000
1359787216,20.072900000000,13.934000000000
1359787217,20.080000000000,9.066000000000
1359787258,20.080000000000,0.873548710000
1359787258,20.140000000000,4.000000000000
1359787258,20.149000000000,37.126451290000
1359787271,20.070030000000,0.210000000000
1359787306,20.110000000000,1.100000000000
1359787308,20.070020000000,0.240400000000
1359787308,20.070000000000,3.036468550000
1359787326,20.148990000000,40.000000000000
1359787338,20.070090000000,0.010000000000
1359787484,20.149000000000,10.133548710000
1359787485,20.149000000000,3.866451290000
1359787485,20.111120000000,0.010000000000
1359787587,20.149000000000,0.133548710000
1359787587,20.150000000000,1.000000000000
1359787587,20.150000000000,0.366451290000
1359787588,20.111120000000,0.010000000000
1359787616,20.150000000000,0.083691230000
1359787617,20.111120000000,0.010000000000
1359787661,20.150000000000,1.491053680000
1359787663,20.111120000000,0.010000000000
1359787734,20.150000000000,0.058803800000
1359787754,20.170010000000,1.500000000000
1359787830,20.170010000000,0.559684440000
1359787830,20.170010000000,5.000000000000
1359787855,20.191590000000,0.034115570000
1359787856,20.191600000000,1.212900000000
1359787856,20.200000000000,50.000000000000
1359787856,20.200000000000,5.000000000000
1359787856,20.229000000000,10.847362200000
1359787911,20.170010000000,0.080000000000
1359787965,20.228990000000,0.051173350000
1359787966,20.229000000000,1.191371380000
1359787967,20.170010000000,0.010000000000
1359787988,20.170020000000,7.240000000000
1359788000,20.228990000000,0.020000000000
1359788001,20.170020000000,0.010000000000
1359788003,20.228990000000,0.005277330000
1359788003,20.229000000000,14.045719010000
1359788009,20.170020000000,20.654019960000
1359788009,20.170010000000,94.350315560000
1359788009,20.150010000000,0.041196200000
1359788009,20.111120000000,0.323131180000
1359788009,20.110000000000,1.100000000000
1359788009,20.102000000000,1.100000000000
1359788009,20.100000000000,1.100000000000
1359788009,20.100000000000,5.108200000000
1359788009,20.100000000000,2.500000000000
1359788010,20.070000000000,188.213749500000
1359788082,20.227970000000,27.749064950000
1359788082,20.229000000000,23.915547410000
1359788082,20.232920000000,13.619233960000
1359788084,20.171010000000,0.010000000000
1359788093,20.232830000000,9.279010480000
1359788094,20.171010000000,0.010000000000
1359788219,20.171030000000,5.700000000000
1359788336,20.239990000000,0.020429500000
1359788337,20.240000000000,0.900000000000
1359788337,20.240000000000,50.000000000000
1359788337,20.240000000000,6.000000000000
1359788338,20.241800000000,5.104035490000
1359788375,20.249990000000,0.531692640000
1359788375,20.250000000000,1.601863200000
1359788376,20.249990000000,0.084211630000
1359788420,20.250000000000,48.398136800000
1359788423,20.250000000000,50.000000000000
1359788424,20.266670000000,5.000000000000
1359788425,20.266670000000,3.000000000000
1359788425,20.278980000000,6.323550000000
1359788426,20.280000000000,20.703749070000
1359788426,20.280000000000,3.000000000000
1359788426,20.300000000000,46.320000000000
1359788426,20.300000000000,17.254564130000
1359788449,20.230010000000,0.010000000000
1359788476,20.299990000000,0.042105820000
1359788479,20.299990000000,23.605694180000
1359788480,20.230010000000,38.759306210000
1359788481,20.230000000000,4.989027180000
1359788485,20.230000000000,7.288200000000
1359788502,20.180010000000,0.010000000000
1359788526,20.200000000000,7.898026060000
1359788532,20.180010000000,23.265507410000
1359788532,20.180000000000,6.734492590000
1359788541,20.200000000000,0.024800000000
1359788577,20.171030000000,2.000000000000
1359788578,20.171030000000,1.060000000000
1359788579,20.200000000000,0.010000000000
1359788706,20.200000000000,20.000000000000
1359788724,20.180000000000,10.000000000000
1359788724,20.171020000000,10.000000000000
1359788776,20.171030000000,0.080938000000
1359788869,20.171030000000,8.574228690000
1359788869,20.171020000000,21.000000000000
1359788869,20.171000000000,0.825674580000
1359788869,20.170000000000,20.000000000000
1359788869,20.119010000000,2.050392130000
1359788869,20.100000000000,10.000000000000
1359788869,20.070000000000,11.860876200000
1359788901,20.070040000000,30.000000000000
1359788932,20.100000000000,20.000000000000
1359788937,20.199990000000,2.324346190000
1359789110,20.199980000000,1.242544730000
1359789174,20.199980000000,1.000000000000
1359789421,20.179990000000,50.000000000000
1359789456,20.169990000000,0.155186890000
1359789486,20.169990000000,7.234798020000
1359789489,20.169990000000,1.487400000000
1359789514,20.140000000000,3.000000000000
1359789532,20.139990000000,0.020037000000
1359789545,20.139990000000,0.010000000000
1359789595,20.100160000000,12.737215400000
1359789701,20.100160000000,6.000000000000
1359789741,20.100160000000,15.296491150000
1359789741,20.100150000000,0.300000000000
1359789742,20.100150000000,2.068415120000
1359789849,20.139990000000,5.014900000000
1359789868,20.080080000000,33.229093730000
1359789893,20.139990000000,10.000000000000
1359790159,20.139980000000,126.497967160000
1359790198,20.080110000000,1.013291900000
1359790199,20.080100000000,5.956976620000
1359790209,20.080100000000,20.000000000000
1359790210,20.080100000000,20.000000000000
1359790221,20.080100000000,50.000000000000
1359790232,20.080100000000,17.600914330000
1359790236,20.080040000000,8.935464930000
1359790236,20.080010000000,0.500000000000
1359790236,20.080000000000,20.000000000000
1359790236,20.070000000000,9.224177070000
1359790238,20.080100000000,0.288736210000
1359790271,20.080100000000,10.000000000000
1359790294,20.080100000000,300.000000000000
1359790329,20.080100000000,20.000000000000
1359790371,20.080100000000,0.713800000000
1359790387,20.070010000000,10.306086360000
1359790387,20.070000000000,25.334413640000
1359790395,20.080100000000,0.500000000000
1359790427,20.080100000000,2.646280940000
1359790427,20.139990000000,18.964598980000
1359790460,20.070500000000,150.000000000000
1359790460,20.070000000000,350.000000000000
1359790473,20.080000000000,10.000000000000
1359790523,20.139980000000,3.277100000000
1359790639,20.138990000000,10.879263530000
1359790701,20.137790000000,2.331270760000
1359790746,20.137790000000,19.180809000000
1359791017,20.100010000000,9.784453620000
1359791017,20.100000000000,1.000000000000
1359791017,20.070010000000,0.400000000000
1359791017,20.070000000000,167.660935560000
1359791017,20.070000000000,0.050261090000
1359791018,20.065200000000,20.000000000000
1359791018,20.065090000000,0.121620000000
1359791018,20.060000000000,0.249300000000
1359791018,20.060000000000,2.000000000000
1359791018,20.060000000000,0.050286640000
1359791018,20.059530000000,1.216250000000
1359791018,20.057560000000,0.018530000000
1359791018,20.050000000000,0.202000000000
1359791019,20.050000000000,20.000000000000
1359791019,20.050000000000,1.100000000000
1359791019,20.050000000000,0.050312220000
1359791019,20.047800000000,0.100000000000
1359791020,20.042820000000,0.080610000000
1359791020,20.041600000000,0.051510000000
1359791020,20.040990000000,0.101800000000
1359791020,20.040000000000,0.050337820000
1359791020,20.037430000000,0.092239090000
1359791020,20.030480000000,5.000000000000
1359791020,20.030170000000,0.064020000000
1359791020,20.030000000000,0.050363450000
1359791020,20.029990000000,11.358708110000
1359791020,20.027990000000,0.138770000000
1359791021,20.025160000000,0.508380000000
1359791021,20.025160000000,0.179945420000
1359791021,20.022000000000,70.346068820000
1359791021,20.022000000000,0.137792460000
1359791021,20.022000000000,0.105497340000
1359791021,20.020000000000,10.000000000000
1359791021,20.020000000000,0.050389110000
1359791021,20.018250000000,4.995441710000
1359791021,20.015080000000,0.300000000000
1359791021,20.011120000000,200.000000000000
1359791021,20.011110000000,131.904863310000
1359791063,20.011120000000,121.535352650000
1359791063,20.011110000000,502.619496690000
1359791063,20.011100000000,22.664000000000
1359791063,20.011100000000,0.000028980000
1359791064,20.011000000000,16.000000000000
1359791064,20.010000000000,0.249900000000
1359791064,20.010000000000,0.202000000000
1359791064,20.010000000000,1.995000000000
1359791064,20.010000000000,49.975000000000
1359791064,20.010000000000,3.200000000000
1359791064,20.010000000000,2.000000000000
1359791064,20.010000000000,0.050414790000
1359791064,20.010000000000,5.000000000000
1359791064,20.010000000000,75.000000000000
1359791064,20.010000000000,0.900000000000
1359791065,20.010000000000,0.100000000000
1359791065,20.008390000000,0.082901760000
1359791065,20.005000000000,5.000000000000
1359791065,20.004900000000,0.131140000000
1359791065,20.001000000000,20.221000000000
1359791065,20.000100000000,5.000000000000
1359791065,20.000100000000,0.003499480000
1359791065,20.000010000000,5.000000000000
1359791065,20.000010000000,0.120700950000
1359791065,20.000010000000,0.080860210000
1359791065,20.000000000000,0.500000000000
1359791065,20.000000000000,4.590000000000
1359791065,20.000000000000,14.500000000000
1359791066,20.000000000000,2.000000000000
1359791066,20.000000000000,10.000000000000
1359791066,20.000000000000,12.000000000000
1359791066,20.000000000000,0.010000000000
1359791066,20.000000000000,5.000000000000
1359791066,20.000000000000,5.000000000000
1359791066,20.000000000000,5.000000000000
1359791066,20.000000000000,5.000000000000
1359791067,20.000000000000,17.000000000000
1359791067,20.000000000000,5.000000000000
1359791067,20.000000000000,3.000000000000
1359791067,20.000000000000,25.000000000000
1359791067,20.000000000000,1.100000000000
1359791067,20.000000000000,20.000000000000
1359791067,20.000000000000,5.000000000000
1359791067,20.000000000000,1.000000000000
1359791067,20.000000000000,1.000000000000
1359791067,20.000000000000,55.000000000000
1359791067,20.000000000000,2.859800000000
1359791067,20.000000000000,100.430000000000
1359791067,20.000000000000,5.000000000000
1359791067,20.000000000000,0.050440500000
1359791067,20.000000000000,0.500000000000
1359791067,20.000000000000,10.000000000000
1359791067,20.000000000000,25.000000000000
1359791067,20.000000000000,250.000000000000
1359791067,20.000000000000,2.592500000000
1359791068,20.000000000000,2.000000000000
1359791082,19.999940000000,0.030280000000
1359791082,19.998120000000,5.691810000000
1359791082,19.992300000000,4.000000000000
1359791083,19.991990000000,0.203600000000
1359791083,19.990000000000,1.000000000000
1359791083,19.990000000000,0.050911460000
1359791083,19.989660000000,0.010100000000
1359791083,19.987800000000,0.100000000000
1359791083,19.987650000000,0.350000000000
1359791083,19.980000000000,1.000000000000
1359791083,19.980000000000,0.050937940000
1359791083,19.979420000000,0.015910000000
1359791083,19.977130000000,0.106990000000
1359791084,19.970000000000,0.050964450000
1359791084,19.969580000000,0.023710000000
1359791084,19.969580000000,0.058880000000
1359791084,19.969580000000,0.231380000000
1359791084,19.969580000000,0.053940000000
1359791084,19.969580000000,0.058470000000
1359791084,19.969580000000,0.461480000000
1359791084,19.969580000000,0.516070000000
1359791084,19.969580000000,0.058790000000
1359791084,19.969570000000,0.049100000000
1359791084,19.966420000000,0.263340000000
1359791085,19.961000000000,1.526385450000
1359791085,19.960000000000,0.250500000000
1359791085,19.960000000000,2.000000000000
1359791085,19.960000000000,0.050990980000
1359791085,19.952790000000,0.101800000000
1359791085,19.950290000000,23.122738560000
1359791085,19.950000000000,0.202000000000
1359791085,19.950000000000,0.500000000000
1359791086,19.950000000000,149.227500000000
1359791086,19.950000000000,1.100000000000
1359791086,19.950000000000,0.051017540000
1359791086,19.949980000000,0.373000000000
1359791087,19.944880000000,0.140920000000
1359791087,19.940000000000,0.051044130000
1359791088,19.932000000000,20.000000000000
1359791088,19.930000000000,0.051070750000
1359791088,19.927800000000,0.100000000000
1359791088,19.921090000000,0.516530470000
1359791088,19.920000000000,0.051097390000
1359791088,19.913160000000,0.014520000000
1359791088,19.911000000000,16.000000000000
1359791088,19.910000000000,0.202000000000
1359791088,19.910000000000,0.251100000000
1359791088,19.910000000000,2.000000000000
1359791088,19.910000000000,0.051124060000
1359791088,19.904960000000,0.110000000000
1359791088,19.904960000000,0.110000000000
1359791088,19.903620000000,0.275060000000
1359791089,19.902500000000,100.000000000000
1359791089,19.900970000000,0.255690000000
1359791089,19.900110000000,0.110000000000
1359791089,19.900110000000,0.110000000000
1359791089,19.900100000000,0.110000000000
1359791089,19.900100000000,0.110000000000
1359791090,19.900000000000,100.000000000000
1359791092,19.900000000000,10.207100000000
1359791092,19.900000000000,0.410000000000
1359791094,19.900000000000,1.996595970000
1359791095,19.900000000000,2.000000000000
1359791095,19.900000000000,1.100000000000
1359791096,19.900000000000,1.000000000000
1359791098,19.900000000000,1.000000000000
1359791098,19.900000000000,2.335182410000
1359791098,19.900000000000,0.051150750000
1359791098,19.898630000000,6.283840000000
1359791098,19.897000000000,0.160000000000
1359791098,19.893990000000,0.203600000000
1359791098,19.890000000000,0.051177480000
1359791098,19.888300000000,2.420000000000
1359791099,19.888000000000,1.000000000000
1359791099,19.885050000000,0.146480000000
1359791099,19.884160000000,0.083419710000
1359791099,19.880000000000,0.051204230000
1359791099,19.876000000000,0.785637170000
1359791099,19.875990000000,0.181010000000
1359791099,19.870000000000,0.051231000000
1359791099,19.867800000000,0.100000000000
1359791099,19.861110000000,14.819518100000
1359791135,19.861110000000,0.021529980000
1359791157,19.861110000000,100.000000000000
1359791160,19.861130000000,0.324200000000
1359791160,19.861110000000,39.675800000000
1359791163,19.861110000000,0.994000000000
1359791165,19.861110000000,0.994000000000
1359791169,19.861110000000,0.994000000000
1359791171,19.861110000000,0.994000000000
1359791184,19.900000000000,4.470000000000
1359791202,19.861110000000,5.000000000000
1359791224,19.861130000000,0.035559790000
1359791227,19.861110000000,100.000000000000
1359791228,19.861110000000,5.000000000000
1359791228,19.861130000000,0.200300000000
1359791229,19.861110000000,97.722651920000
1359791229,19.861110000000,0.256307040000
1359791247,19.860000000000,1.597598660000
1359791247,19.860000000000,1.000000000000
1359791247,19.860000000000,0.251800000000
1359791247,19.860000000000,2.000000000000
1359791247,19.860000000000,0.050803120000
1359791251,19.860000000000,0.193800000000
1359791259,19.858940000000,1.375650000000
1359791259,19.856990000000,0.017230000000
1359791260,19.855000000000,3.607120000000
1359791299,19.860000000000,1.491053680000
1359791303,19.855000000000,16.392880000000
1359791303,19.853100000000,5.220000000000
1359791304,19.853000000000,0.160000000000
1359791304,19.852730000000,0.193280000000
1359791305,19.851030000000,1.000000000000
1359791305,19.850000000000,5.500000000000
1359791305,19.850000000000,0.035739040000
1359791306,19.850000000000,0.202000000000
1359791306,19.850000000000,20.000000000000
1359791306,19.850000000000,1.100000000000
1359791306,19.850000000000,0.050829220000
1359791307,19.850000000000,0.251900000000
1359791316,19.844990000000,0.203600000000
1359791317,19.841190000000,0.058600000000
1359791318,19.840000000000,0.980000000000
1359791319,19.840000000000,0.050855340000
1359791319,19.835330000000,0.145980000000
1359791319,19.830000000000,0.100000000000
1359791320,19.830000000000,0.050881490000
1359791321,19.829870000000,0.065900000000
1359791322,19.825390000000,0.203600000000
1359791322,19.825390000000,0.138060000000
1359791322,19.824910000000,0.590150000000
1359791323,19.821230000000,30.000000000000
1359791323,19.820000000000,0.050907670000
1359791323,19.816660000000,0.082467030000
1359791324,19.811000000000,16.000000000000
1359791324,19.810000000000,7.779101460000
1359791334,19.810000000000,42.700498540000
1359791334,19.810000000000,0.202000000000
1359791334,19.810000000000,3.000000000000
1359791335,19.810000000000,0.252400000000
1359791335,19.810000000000,2.000000000000
1359791335,19.810000000000,0.050933870000
1359791335,19.807800000000,0.100000000000
1359791335,19.802500000000,0.960000000000
1359791336,19.800100000000,0.980579890000
1359791336,19.800000000000,15.003587700000
1359791338,19.850000000000,100.000000000000
1359791339,19.800000000000,1.000000000000
1359791356,19.800000000000,4.090123230000
1359791357,19.800000000000,5.050500000000
1359791357,19.800000000000,1.223307570000
1359791357,19.800000000000,1.000000000000
1359791357,19.800000000000,10.000000000000
1359791357,19.800000000000,1.000000000000
1359791357,19.800000000000,1.100000000000
1359791357,19.800000000000,1.566888040000
1359791365,19.800000000000,1.450587370000
1359791365,19.800000000000,1.000000000000
1359791366,19.800000000000,0.050960100000
1359791366,19.799940000000,0.034530000000
1359791366,19.799630000000,6.878870000000
1359791366,19.795990000000,0.203600000000
1359791366,19.790000000000,0.050986360000
1359791366,19.789760000000,0.011300000000
1359791366,19.783900000000,0.082603570000
1359791367,19.780000000000,0.051012640000
1359791367,19.779630000000,0.016300000000
1359791367,19.771690000000,0.240000000000
1359791367,19.770000000000,0.051038950000
1359791367,19.769890000000,0.026900000000
1359791367,19.769890000000,0.060340000000
1359791367,19.769890000000,0.067540000000
1359791368,19.769890000000,0.474030000000
1359791368,19.769890000000,0.263430000000
1359791368,19.769890000000,0.061410000000
1359791368,19.769890000000,0.066800000000
1359791368,19.769890000000,0.010180000000
1359791368,19.769890000000,0.584270000000
1359791368,19.769870000000,0.056140000000
1359791368,19.766760000000,0.274560000000
1359791369,19.765920000000,0.145390000000
1359791369,19.765900000000,1.000000000000
1359791369,19.760010000000,90.070430050000
1359791399,19.760010000000,20.000000000000
1359791400,19.760010000000,50.000000000000
1359791401,19.760010000000,0.700000000000
1359791405,19.760010000000,37.944438060000
1359791408,19.760010000000,30.000000000000
1359791411,19.760010000000,40.000000000000
1359791431,19.840000000000,0.994000000000
1359791431,19.850000000000,47.987651540000
1359791431,19.854000000000,0.397076650000
1359791443,19.760010000000,19.000000000000
1359791448,19.854000000000,59.524823350000
1359791449,19.855000000000,1.505676650000
1359791455,19.760010000000,0.994000000000
1359791459,19.760010000000,0.994000000000
1359791470,19.760010000000,10.297131890000
1359791471,19.760000000000,5.000000000000
1359791471,19.760000000000,0.253000000000
1359791471,19.760000000000,2.000000000000
1359791471,19.760000000000,2.449868110000
1359791474,19.760000000000,2.610131890000
1359791474,19.760000000000,10.121000000000
1359791475,19.760000000000,0.051065280000
1359791475,19.759000000000,0.082707640000
1359791475,19.758820000000,0.153052060000
1359791475,19.750000000000,2.790754930000
1359791476,19.750000000000,5.063300000000
1359791477,19.750000000000,0.202000000000
1359791477,19.750000000000,2.000000000000
1359791477,19.750000000000,0.202500000000
1359791478,19.750000000000,5.000000000000
1359791479,19.750000000000,1.100000000000
1359791481,19.750000000000,50.000000000000
1359791482,19.750000000000,5.000000000000
1359791483,19.750000000000,4.962500000000
1359791483,19.750000000000,3.220988200000
1359791484,19.750000000000,10.386611800000
1359791485,19.750000000000,0.051091650000
1359791485,19.747800000000,0.100000000000
1359791485,19.746990000000,0.203600000000
1359791486,19.740000000000,0.051118030000
1359791486,19.738200000000,1.000000000000
1359791486,19.734340000000,3.913900000000
1359791487,19.734000000000,0.120000000000
1359791487,19.731000000000,20.000000000000
1359791487,19.731000000000,14.173678520000
1359791498,19.861100000000,2.021041040000
1359791499,19.966420000000,7.978958960000
1359791513,19.770010000000,12.000000000000
1359791514,19.761000000000,8.000000000000
1359791520,19.761000000000,0.920000000000
1359791527,19.761000000000,0.120000000000
1359791530,19.761000000000,4.000000000000
1359791540,19.761000000000,13.000000000000
1359791557,19.761000000000,7.095212280000
1359791560,19.731000000000,5.826321480000
1359791561,19.730000000000,0.051144450000
1359791561,19.729000000000,3.340000000000
1359791566,19.727390000000,0.203600000000
1359791567,19.720000000000,0.051170890000
1359791567,19.716670000000,0.082885210000
1359791567,19.714030000000,0.016600000000
1359791568,19.711000000000,16.000000000000
1359791569,19.710000000000,0.202000000000
1359791569,19.710000000000,0.253700000000
1359791569,19.710000000000,2.000000000000
1359791570,19.710000000000,0.051197360000
1359791570,19.706620000000,0.152740000000
1359791570,19.704580000000,0.310110000000
1359791570,19.701960000000,0.291930000000
1359791570,19.701120000000,6.360550000000
1359791571,19.700000000000,5.076100000000
1359791571,19.700000000000,0.613700000000
1359791571,19.700000000000,10.000000000000
1359791571,19.700000000000,1.100000000000
1359791571,19.700000000000,2.000000000000
1359791572,19.700000000000,4.466997460000
1359791573,19.700000000000,0.051223860000
1359791574,19.697990000000,0.203600000000
1359791574,19.695720000000,3.921600000000
1359791574,19.695720000000,5.000000000000
1359791574,19.691360000000,0.082991750000
1359791574,19.690140000000,0.640000000000
1359791574,19.690000000000,0.051224990000
1359791575,19.687800000000,0.100000000000
1359791576,19.687610000000,0.110117980000
1359791576,19.683400000000,100.000000000000
1359791576,19.680000000000,0.051251020000
1359791577,19.677230000000,0.206250000000
1359791577,19.671090000000,0.155230000000
1359791578,19.670620000000,0.468300000000
1359791578,19.670000000000,0.051278090000
1359791578,19.667700000000,0.845127720000
1359791578,19.660350000000,1.536670000000
1359791578,19.660000000000,2.000000000000
1359791579,19.660000000000,5.000000000000
1359791579,19.660000000000,0.254300000000
1359791579,19.660000000000,0.051304680000
1359791579,19.658790000000,0.203600000000
1359791580,19.658420000000,0.019840000000
1359791580,19.657100000000,3.929300000000
1359791580,19.654570000000,0.083147090000
1359791581,19.654200000000,0.255180000000
1359791581,19.650000000000,5.089100000000
1359791581,19.650000000000,0.202000000000
1359791581,19.650000000000,1.100000000000
1359791581,19.650000000000,0.051330790000
1359791582,19.647500000000,0.160120000000
1359791582,19.642780000000,0.065760000000
1359791582,19.640000000000,0.051357940000
1359791582,19.631570000000,0.076160000000
1359791582,19.630060000000,0.700000000000
1359791582,19.630000000000,0.051384620000
1359791582,19.629390000000,0.203600000000
1359791583,19.627800000000,0.100000000000
1359791583,19.626660000000,0.672750000000
1359791583,19.624790000000,0.083273270000
1359791583,19.620000000000,0.110000000000
1359791583,19.620000000000,0.110000000000
1359791583,19.620000000000,0.110000000000
1359791583,19.620000000000,0.051411310000
1359791583,19.620000000000,200.000000000000
1359791584,19.618490000000,3.937000000000
1359791584,19.618490000000,0.078700000000
1359791584,19.618490000000,10.306500000000
1359791585,19.615000000000,0.110000000000
1359791585,19.615000000000,0.110000000000
1359791585,19.615000000000,0.110000000000
1359791585,19.615000000000,0.110000000000
1359791585,19.613400000000,0.301256210000
1359791585,19.611000000000,16.000000000000
1359791586,19.610000000000,2.000000000000
1359791587,19.610000000000,0.202000000000
1359791592,19.610000000000,0.255000000000
1359791592,19.610000000000,70.000000000000
1359791593,19.610000000000,0.051438040000
1359791593,19.609010000000,12.000000000000
1359791593,19.603100000000,6.975300000000
1359791593,19.601940000000,0.038830000000
1359791593,19.601000000000,0.000312730000
1359791593,19.600300000000,4.000000000000
1359791593,19.600300000000,0.072195510000
1359791594,19.600000000000,0.192515300000
1359791594,19.600000000000,1.000000000000
1359791594,19.600000000000,5.102000000000
1359791594,19.600000000000,0.253571420000
1359791594,19.600000000000,0.500000000000
1359791595,19.600000000000,66.326500000000
1359791596,19.600000000000,400.000000000000
1359791596,19.600000000000,1.100000000000
1359791597,19.600000000000,250.000000000000
1359791599,19.600000000000,10.000000000000
1359791599,19.600000000000,200.000000000000
1359791601,19.600000000000,5.000000000000
1359791601,19.600000000000,0.051464800000
1359791601,19.599990000000,0.203600000000
1359791602,19.595000000000,10.073800000000
1359791602,19.591860000000,0.012640000000
1359791602,19.590000000000,2.000000000000
1359791603,19.590000000000,0.051491580000
1359791603,19.588560000000,0.167510000000
1359791603,19.581840000000,0.018570000000
1359791603,19.580000000000,0.051518390000
1359791603,19.572190000000,0.030110000000
1359791604,19.572190000000,0.068180000000
1359791604,19.572190000000,0.076290000000
1359791604,19.572190000000,0.540760000000
1359791605,19.572190000000,0.295800000000
1359791605,19.572190000000,0.068960000000
1359791605,19.572190000000,0.075210000000
1359791605,19.572190000000,0.011430000000
1359791605,19.572190000000,0.653160000000
1359791606,19.572180000000,0.063250000000
1359791606,19.570010000000,0.110000000000
1359791607,19.570010000000,0.110000000000
1359791607,19.570000000000,0.051545220000
1359791607,19.569090000000,0.311320000000
1359791608,19.567800000000,0.100000000000
1359791609,19.564800000000,0.478976000000
1359791609,19.563400000000,6.954818650000
1359791609,19.560000000000,2.000000000000
1359791609,19.560000000000,0.255600000000
1359791609,19.560000000000,0.051572090000
1359791609,19.558700000000,13.400000000000
1359791609,19.553260000000,0.083577930000
1359791609,19.550990000000,0.203600000000
1359791610,19.550010000000,0.110000000000
1359791610,19.550010000000,0.110000000000
1359791610,19.550010000000,0.110000000000
1359791610,19.550010000000,0.110000000000
1359791611,19.550010000000,0.110000000000
1359791611,19.550000000000,5.115100000000
1359791611,19.550000000000,0.202000000000
1359791611,19.550000000000,8.000000000000
1359791611,19.550000000000,2.000000000000
1359791611,19.550000000000,0.985674680000
1359791611,19.550000000000,1.000000000000
1359791611,19.550000000000,0.051598980000
1359791611,19.547390000000,0.680000000000
1359791612,19.542790000000,60.003600000000
1359791612,19.541250000000,3.952600000000
1359791612,19.540000000000,0.051625900000
1359791612,19.530000000000,2.400000000000
1359791612,19.530000000000,0.051652840000
1359791612,19.529790000000,0.174930000000
1359791612,19.523100000000,30.000000000000
1359791612,19.521000000000,0.379100000000
1359791612,19.520000000000,0.051679820000
1359791612,19.519400000000,0.110000000000
1359791612,19.516890000000,0.018690000000
1359791616,19.511000000000,3.000000000000
1359791616,19.511000000000,16.000000000000
1359791616,19.510000000000,42.000000000000
1359791616,19.510000000000,4.000000000000
1359791617,19.510000000000,0.202000000000
1359791617,19.510000000000,0.256300000000
1359791617,19.510000000000,1.500000000000
1359791617,19.510000000000,0.051706820000
1359791617,19.507800000000,0.100000000000
1359791617,19.507540000000,0.345510000000
1359791619,19.507530000000,5.126226350000
1359791620,19.504940000000,0.328530000000
1359791620,19.502500000000,34.066730930000
1359791620,19.502000000000,800.000000000000
1359791621,19.501990000000,0.203600000000
1359791621,19.501000000000,3.000000000000
1359791622,19.500010000000,200.000000000000
1359791625,19.500000000000,1.282100000000
1359791625,19.500000000000,5.000000000000
1359791626,19.500000000000,0.000758970000
1359791626,19.500000000000,5.128200000000
1359791626,19.500000000000,1.000000000000
1359791626,19.500000000000,1.000000000000
1359791629,19.500000000000,6.223100000000
1359791632,19.500000000000,5.000000000000
1359791634,19.500000000000,20.000000000000
1359791634,19.500000000000,0.122153840000
1359791634,19.500000000000,200.000000000000
1359791634,19.500000000000,50.000000000000
1359791635,19.500000000000,5.000000000000
1359791636,19.500000000000,54.032800000000
1359791637,19.500000000000,0.110000000000
1359791637,19.500000000000,0.110000000000
1359791637,19.500000000000,0.110000000000
1359791638,19.500000000000,0.110000000000
1359791638,19.500000000000,22.564100000000
1359791638,19.500000000000,2.000000000000
1359791638,19.500000000000,3.559352820000
1359791638,19.500000000000,20.000000000000
1359791641,19.500000000000,0.055976920000
1359791641,19.500000000000,36.996500000000
1359791641,19.500000000000,50.000000000000
1359791642,19.500000000000,0.051733850000
1359791643,19.496790000000,5.704690000000
1359791643,19.490000000000,0.051760900000
1359791643,19.488090000000,0.110000000000
1359791643,19.488090000000,0.110000000000
1359791643,19.488090000000,0.110000000000
1359791645,19.488090000000,0.110000000000
1359791645,19.488090000000,0.110000000000
1359791645,19.488090000000,0.110000000000
1359791645,19.483200000000,0.640000000000
1359791645,19.480450000000,0.231750000000
1359791645,19.480000000000,0.100000000000
1359791646,19.480000000000,0.051787990000
1359791646,19.475150000000,0.087648010000
1359791646,19.471200000000,0.182370000000
1359791646,19.470000000000,0.051815100000
1359791646,19.464010000000,3.968300000000
1359791646,19.464010000000,0.396800000000
1359791646,19.463750000000,1.699310000000
1359791646,19.462030000000,7.003600000000
1359791646,19.461830000000,0.022480000000
1359791646,19.460000000000,4.000000000000
1359791646,19.460000000000,0.763415720000
1359791647,19.460000000000,0.256900000000
1359791647,19.460000000000,0.051842240000
1359791647,19.457660000000,0.325700000000
1359791647,19.454270000000,0.087742090000
1359791647,19.452990000000,0.203600000000
1359791647,19.451000000000,5.000000000000
1359791647,19.450000000000,0.638282260000
1359791647,19.450000000000,5.141400000000
1359791647,19.450000000000,0.202000000000
1359791650,19.450000000000,52.526353720000
1359791650,19.450000000000,24.427791770000
1359791650,19.450000000000,1.000000000000
1359791650,19.450000000000,0.051869410000
1359791650,19.446350000000,0.072990000000
1359791650,19.444440000000,0.087786410000
1359791650,19.440000000000,0.051896600000
1359791650,19.437800000000,0.100000000000
1359791650,19.436270000000,0.087823340000
1359791650,19.435250000000,0.093880000000
1359791650,19.434070000000,0.580000000000
1359791650,19.431000000000,0.110000000000
1359791650,19.431000000000,0.110000000000
1359791650,19.431000000000,0.110000000000
1359791650,19.431000000000,0.110000000000
1359791650,19.431000000000,0.110000000000
1359791650,19.430390000000,0.756180000000
1359791650,19.430000000000,0.110000000000
1359791650,19.430000000000,0.110000000000
1359791650,19.430000000000,0.110000000000
1359791651,19.430000000000,0.110000000000
1359791651,19.430000000000,0.110000000000
1359791651,19.430000000000,0.110000000000
1359791651,19.430000000000,0.110000000000
1359791651,19.430000000000,0.110000000000
1359791651,19.430000000000,0.110000000000
1359791651,19.430000000000,0.051923830000
1359791651,19.429180000000,0.527000000000
1359791651,19.426720000000,0.087866480000
1359791651,19.420000000000,0.051951080000
1359791651,19.412790000000,0.189830000000
1359791651,19.411340000000,0.087936110000
1359791651,19.411000000000,16.000000000000
1359791651,19.410000000000,0.857118370000
1359791651,19.410000000000,10.000000000000
1359791652,19.410000000000,4.000000000000
1359791652,19.410000000000,0.202000000000
1359791652,19.410000000000,0.257600000000
1359791652,19.410000000000,0.051978360000
1359791652,19.405920000000,0.043180000000
1359791652,19.403990000000,0.203600000000
1359791652,19.400000000000,5.000000000000
1359791652,19.400000000000,10.000000000000
1359791652,19.400000000000,13.000000000000
1359791652,19.400000000000,5.154600000000
1359791652,19.400000000000,0.076534530000
1359791653,19.400000000000,25.000000000000
1359791653,19.400000000000,5.000000000000
1359791653,19.400000000000,0.052005670000
1359791653,19.399790000000,6.496150000000
1359791653,19.395940000000,0.013990000000
1359791653,19.392580000000,0.088021180000
1359791653,19.390000000000,8.000000000000
1359791653,19.390000000000,0.052523980000
1359791653,19.386770000000,3.984100000000
1359791653,19.386020000000,0.022560000000
1359791653,19.384800000000,0.510000000000
1359791653,19.382060000000,50.000000000000
1359791653,19.380000000000,0.052552630000
1359791653,19.377800000000,0.100000000000
1359791654,19.376470000000,0.033360000000
1359791654,19.376470000000,0.076090000000
1359791654,19.376470000000,0.085130000000
1359791654,19.376470000000,0.608170000000
1359791654,19.376470000000,0.328510000000
1359791654,19.376470000000,0.076580000000
1359791654,19.376470000000,0.083710000000
1359791655,19.376470000000,0.012680000000
1359791655,19.376470000000,0.722740000000
1359791656,19.376450000000,0.010050000000
1359791656,19.376450000000,0.070440000000
1359791656,19.373400000000,0.367210000000
1359791656,19.372440000000,0.088112680000
1359791656,19.370000000000,43.000000000000
1359791657,19.370000000000,0.053077960000
1359791657,19.361070000000,0.088164460000
1359791657,19.360000000000,4.000000000000
1359791657,19.360000000000,0.258300000000
1359791657,19.360000000000,0.053106920000
1359791657,19.355080000000,0.088191730000
1359791657,19.354990000000,0.203600000000
1359791657,19.354550000000,0.197320000000
1359791658,19.350010000000,0.568500000000
1359791658,19.350000000000,0.093988110000
1359791664,19.350000000000,30.000000000000
1359791664,19.350000000000,0.155000000000
1359791664,19.350000000000,5.168000000000
1359791666,19.350000000000,0.202000000000
1359791666,19.350000000000,0.053135920000
1359791666,19.349900000000,0.100000000000
1359791666,19.347210000000,0.100000000000
1359791667,19.346200000000,0.019164700000
1359791667,19.342280000000,0.088250070000
1359791669,19.340010000000,100.000000000000
1359791670,19.340000000000,150.000000000000
1359791671,19.340000000000,0.053164940000
1359791671,19.330000000000,0.053194000000
1359791671,19.321720000000,0.020810000000
1359791672,19.321680000000,0.088344180000
1359791672,19.321000000000,0.110000000000
1359791672,19.321000000000,0.110000000000
1359791673,19.321000000000,0.110000000000
1359791673,19.321000000000,0.110000000000
1359791674,19.320010000000,0.110000000000
1359791674,19.320010000000,0.110000000000
1359791674,19.320010000000,0.110000000000
1359791674,19.320010000000,0.110000000000
1359791675,19.320010000000,0.110000000000
1359791675,19.320000000000,0.110000000000
1359791675,19.320000000000,0.110000000000
1359791675,19.320000000000,0.110000000000
1359791675,19.320000000000,0.110000000000
1359791675,19.320000000000,0.110000000000
1359791675,19.320000000000,0.053223080000
1359791675,19.318890000000,0.110000000000
1359791675,19.318890000000,0.110000000000
1359791675,19.318890000000,0.110000000000
1359791675,19.318890000000,0.110000000000
1359791675,19.318890000000,0.110000000000
1359791675,19.317800000000,0.100000000000
1359791675,19.316810000000,0.088366440000
1359791675,19.316000000000,0.110000000000
1359791675,19.316000000000,0.110000000000
1359791675,19.316000000000,0.110000000000
1359791676,19.316000000000,0.110000000000
1359791676,19.314380000000,5.177489790000
1359791676,19.314330000000,3.000000000000
1359791676,19.312460000000,0.010310000000
1359791676,19.312460000000,0.381280000000
1359791676,19.311730000000,0.088389700000
1359791676,19.311110000000,17.297671650000
1359791677,19.311000000000,16.000000000000
1359791677,19.310000000000,0.110000000000
1359791677,19.310000000000,0.110000000000
1359791677,19.310000000000,0.110000000000
1359791677,19.310000000000,2.000000000000
1359791677,19.310000000000,0.202000000000
1359791678,19.310000000000,0.020256860000
1359791678,19.310000000000,11.000000000000
1359791678,19.310000000000,0.053252720000
1359791679,19.309890000000,0.365500000000
1359791679,19.309530000000,100.000000000000
1359791679,19.309530000000,98.903089600000
1359791679,19.309530000000,4.000000000000
1359791679,19.309530000000,0.080000000000
1359791679,19.305990000000,0.203600000000
1359791679,19.304820000000,0.110000000000
1359791679,19.304820000000,0.110000000000
1359791679,19.304820000000,0.110000000000
1359791679,19.303280000000,7.291600000000
1359791679,19.301000000000,0.110000000000
1359791680,19.301000000000,0.110000000000
1359791680,19.301000000000,0.110000000000
1359791680,19.300930000000,0.192030000000
1359791680,19.300000000000,5.000000000000
1359791680,19.300000000000,5.181300000000
1359791680,19.300000000000,2.000000000000
1359791680,19.300000000000,0.053281870000
1359791680,19.299000000000,0.100000000000
1359791680,19.297220000000,0.100000000000
1359791680,19.296160000000,0.430000000000
1359791680,19.294680000000,0.088467790000
1359791681,19.290000000000,0.053311560000
1359791681,19.289010000000,0.186710000000
1359791681,19.285650000000,0.257500000000
1359791682,19.281380000000,0.010200000000
1359791682,19.280000000000,0.053340770000
1359791682,19.277790000000,0.110000000000
1359791682,19.277790000000,0.110000000000
1359791682,19.277790000000,0.110000000000
1359791682,19.277010000000,0.088548890000
1359791682,19.276160000000,0.305160000000
1359791682,19.275290000000,0.110000000000
1359791682,19.275290000000,0.110000000000
1359791682,19.275290000000,0.110000000000
1359791682,19.274660000000,0.016570000000
1359791682,19.269930000000,4.538594210000
1359791682,19.269110000000,1.863600000000
1359791682,19.268000000000,0.016580000000
1359791683,19.267800000000,0.100000000000
1359791683,19.267220000000,0.025150000000
1359791683,19.264100000000,0.110000000000
1359791683,19.263690000000,0.110000000000
1359791683,19.263090000000,0.354010000000
1359791683,19.261350000000,0.016590000000
1359791683,19.261330000000,5.000000000000
1359791683,19.260000000000,2.000000000000
1359791683,19.260000000000,1.000000000000
1359791683,19.260000000000,10.000000000000
1359791683,19.259300000000,0.037425860000
1359791684,19.256990000000,0.203600000000
1359791684,19.256870000000,1.159945700000
1359791684,19.256700000000,20.000000000000
1359791684,19.256250000000,0.106158760000
1359791684,19.256080000000,0.110000000000
1359791684,19.256080000000,0.110000000000
1359791684,19.256080000000,0.110000000000
1359791684,19.254690000000,0.016590000000
1359791684,19.254410000000,0.203600000000
1359791684,19.254100000000,59.953100000000
1359791684,19.253020000000,2.644538110000
1359791684,19.251880000000,0.080300000000
1359791685,19.250000000000,500.000000000000
1359791685,19.250000000000,5.194800000000
1359791685,19.250000000000,0.202000000000
1359791685,19.250000000000,6.129900000000
1359791685,19.250000000000,50.000000000000
1359791685,19.248040000000,0.016600000000
1359791685,19.247230000000,0.100000000000
1359791685,19.247030000000,0.110000000000
1359791685,19.241380000000,0.016600000000
1359791685,19.241140000000,83.686300000000
1359791685,19.240900000000,0.104030000000
1359791685,19.240000000000,1.000000000000
1359791685,19.240000000000,103.950000000000
1359791685,19.237880000000,0.110000000000
1359791685,19.237870000000,0.110000000000
1359791686,19.237660000000,0.000544290000
1359791686,19.236090000000,0.840460000000
1359791686,19.234850000000,2.100300000000
1359791686,19.234730000000,0.016610000000
1359791686,19.232290000000,4.016100000000
1359791686,19.232100000000,0.088755690000
1359791686,19.228070000000,0.016610000000
1359791686,19.227460000000,0.330000000000
1359791686,19.226000000000,0.393631020000
1359791686,19.224680000000,5.622391360000
1359791706,19.224680000000,0.600000000000
1359791722,19.224680000000,23.777608640000
1359791722,19.222020000000,0.110000000000
1359791722,19.221410000000,0.016620000000
1359791722,19.220000000000,0.448710190000
1359791723,19.220000000000,41.047061170000
1359791750,19.730000000000,0.208128560000
1359791761,19.730000000000,0.255989420000
1359791762,19.730000000000,19.535882020000
1359791762,19.730990000000,75.000000000000
1359791762,19.800000000000,0.500000000000
1359791762,19.840000000000,20.000000000000
1359791762,19.966420000000,4.964117980000
1359791786,19.220000000000,0.600000000000
1359791838,19.740000000000,5.000000000000
1359791839,19.717180000000,4.781379990000
1359791928,19.600000000000,0.509792770000
1359791943,19.494230000000,0.061360000000
1359791943,19.435040000000,0.068090000000
1359792020,19.220000000000,15.532938830000
1359792020,19.215670000000,0.088831540000
1359792021,19.214760000000,0.016630000000
1359792021,19.212000000000,42.985339890000
1359792021,19.211860000000,0.047560000000
1359792021,19.211000000000,16.000000000000
1359792021,19.210000000000,2.000000000000
1359792023,19.210000000000,0.202000000000
1359792023,19.210000000000,47.100706400000
1359792023,19.208100000000,0.016630000000
1359792023,19.208090000000,2.500000000000
1359792025,19.207990000000,0.203600000000
1359792026,19.207800000000,0.100000000000
1359792026,19.205950000000,0.088876510000
1359792026,19.204000000000,0.088885550000
1359792026,19.203400000000,0.110000000000
1359792026,19.201980000000,0.015360000000
1359792027,19.201450000000,0.016640000000
1359792027,19.200460000000,0.164470000000
1359792028,19.200000000000,0.866926290000
1359792028,19.200000000000,0.110000000000
1359792028,19.200000000000,0.500000000000
1359792028,19.200000000000,1.000000000000
1359792028,19.200000000000,5.000000000000
1359792028,19.200000000000,10.000000000000
1359792029,19.200000000000,22.910000000000
1359792029,19.200000000000,0.000468220000
1359792029,19.200000000000,4.000000000000
1359792029,19.200000000000,1.000000000000
1359792029,19.200000000000,0.500000000000
1359792029,19.200000000000,5.208300000000
1359792030,19.200000000000,1.016223950000
1359792030,19.200000000000,3.809612820000
1359792062,19.400000000000,13.000000000000
1359792088,19.361470000000,0.750000000000
1359792089,19.361470000000,0.648062000000
1359792089,19.361470000000,4.346528000000
1359792089,19.270000000000,0.053370010000
1359792090,19.265140000000,2.500101990000
1359792110,19.265140000000,0.543597240000
1359792115,19.400000000000,11.151775020000
1359792115,19.478200000000,0.100000000000
1359792115,19.528790000000,0.100000000000
1359792115,19.579380000000,0.100000000000
1359792120,19.600000000000,1.626000000000
1359792122,19.600000000000,3.000000000000
1359792130,19.600000000000,0.886010770000
1359792130,19.600000000000,1.000000000000
1359792130,19.274660000000,4.083989230000
1359792141,19.494220000000,4.570000000000
1359792143,19.494220000000,8.185547050000
1359792147,19.494220000000,0.028897440000
1359792204,19.400100000000,13.000000000000
1359792204,19.400010000000,4.025000000000
1359792204,19.400000000000,4.540000000000
1359792204,19.400000000000,1.000000000000
1359792204,19.400000000000,24.151775020000
1359792204,19.274660000000,18.646010770000
1359792204,19.274660000000,2.000000000000
1359792204,19.265140000000,3.564800770000
1359792204,19.260000000000,0.053399270000
1359792204,19.250000000000,0.053428570000
1359792204,19.240000000000,0.053457900000
1359792205,19.230000000000,0.053487780000
1359792205,19.220000000000,0.053517690000
1359792205,19.220000000000,25.000000000000
1359792205,19.220000000000,3.805122230000
1359792216,19.400010000000,20.000000000000
1359792216,19.220000000000,4.194877770000
1359792216,19.210000000000,0.053546590000
1359792216,19.203000000000,500.000000000000
1359792216,19.200000000000,100.357087180000
1359792216,19.200000000000,10.416666660000
1359792216,19.200000000000,100.000000000000
1359792216,19.200000000000,1.000000000000
1359792216,19.200000000000,4.000000000000
1359792216,19.200000000000,0.053576560000
1359792216,19.196130000000,0.088921980000
1359792217,19.195360000000,0.088925570000
1359792217,19.194790000000,0.016640000000
1359792217,19.194780000000,5.000000000000
1359792217,19.194520000000,0.088929420000
1359792217,19.194480000000,0.100000000000
1359792217,19.194000000000,2.084000000000
1359792217,19.192160000000,0.023180000000
1359792217,19.190000000000,0.101000000000
1359792217,19.190000000000,0.054122980000
1359792218,19.189190000000,0.203600000000
1359792218,19.188200000000,1.500000000000
1359792218,19.188140000000,0.016650000000
1359792218,19.187230000000,0.088963230000
1359792218,19.182700000000,0.036640000000
1359792218,19.182700000000,0.084090000000
1359792218,19.182700000000,0.094060000000
1359792218,19.182700000000,0.676250000000
1359792218,19.182700000000,0.084280000000
1359792219,19.182700000000,0.092290000000
1359792219,19.182700000000,0.013950000000
1359792219,19.182700000000,0.363150000000
1359792219,19.182700000000,0.803150000000
1359792219,19.182690000000,0.011050000000
1359792219,19.182690000000,0.077700000000
1359792219,19.181480000000,0.016660000000
1359792219,19.180000000000,0.054676230000
1359792219,19.179670000000,0.335180000000
1359792219,19.177090000000,0.008548220000
1359792219,19.176300000000,10.000000000000
1359792220,19.174830000000,0.016660000000
1359792220,19.170000000000,0.101000000000
1359792221,19.170000000000,0.054708400000
1359792221,19.169280000000,7.476750000000
1359792221,19.168170000000,0.016670000000
1359792223,19.168160000000,10.000000000000
1359792223,19.161510000000,0.016670000000
1359792223,19.160000000000,2.000000000000
1359792223,19.160000000000,4.712000000000
1359792223,19.160000000000,0.054739560000
1359792224,19.156660000000,59.930600000000
1359792224,19.155060000000,2.016100000000
1359792224,19.155060000000,50.000000000000
1359792224,19.155060000000,0.403200000000
1359792224,19.154860000000,0.016680000000
1359792225,19.153000000000,1.000000000000
1359792225,19.151000000000,156.649800000000
1359792225,19.150000000000,0.100000000000
1359792225,19.150000000000,1.800000000000
1359792226,19.150000000000,5.221900000000
1359792226,19.150000000000,0.101000000000
1359792226,19.150000000000,2.000000000000
1359792226,19.150000000000,0.054771280000
1359792226,19.149190000000,0.203600000000
1359792227,19.148380000000,0.220000000000
1359792227,19.148200000000,0.016680000000
1359792227,19.141550000000,0.016690000000
1359792227,19.140000000000,0.054275860000
1359792227,19.139000000000,3.448600760000
1359792228,19.137800000000,0.100000000000
1359792228,19.134890000000,0.016700000000
1359792228,19.130000000000,0.101000000000
1359792228,19.130000000000,0.054306330000
1359792228,19.128500000000,0.022950000000
1359792228,19.128240000000,0.016700000000
1359792228,19.123960000000,0.203600000000
1359792229,19.123150000000,5.229263560000
1359792229,19.121580000000,0.016710000000
1359792229,19.120000000000,0.054337340000
1359792229,19.119340000000,0.011440000000
1359792229,19.119340000000,0.423120000000
1359792229,19.116790000000,0.402850000000
1359792230,19.116440000000,2.020200000000
1359792230,19.114920000000,0.016710000000
1359792230,19.113000000000,11.144200000000
1359792230,19.111000000000,80.000000000000
1359792230,19.111000000000,16.000000000000
1359792231,19.110670000000,0.055656500000
1359792231,19.110670000000,1.000000000000
1359792231,19.110670000000,1.000000000000
1359792232,19.110670000000,10.000000000000
1359792232,19.110000000000,4.000000000000
1359792232,19.110000000000,0.101000000000
1359792232,19.110000000000,0.053844580000
1359792232,19.109990000000,0.203600000000
1359792232,19.108270000000,0.016720000000
1359792233,19.107920000000,0.185090000000
1359792233,19.103240000000,0.013100660000
1359792233,19.101730000000,3.100300000000
1359792233,19.101610000000,0.016720000000
1359792233,19.101600000000,1.641800000000
1359792234,19.100000000000,2.914100000000
1359792235,19.100000000000,0.100000000000
1359792235,19.100000000000,0.045770150000
1359792235,19.100000000000,0.002688480000
1359792235,19.100000000000,50.000000000000
1359792235,19.100000000000,5.235600000000
1359792235,19.100000000000,0.053874350000
1359792235,19.099990000000,0.870000000000
1359792235,19.094960000000,0.016730000000
1359792235,19.092790000000,0.283520000000
1359792235,19.090000000000,0.101000000000
1359792236,19.090000000000,0.053904140000
1359792236,19.088570000000,0.010090000000
1359792236,19.088300000000,0.016740000000
1359792236,19.081650000000,0.016740000000
1359792236,19.080000000000,0.053934490000
1359792236,19.077820000000,2.024300000000
1359792236,19.077800000000,0.100000000000
1359792236,19.076420000000,2.029540000000
1359792236,19.074990000000,0.016750000000
1359792236,19.074540000000,0.027850000000
1359792236,19.070790000000,0.203600000000
1359792237,19.070450000000,0.418610000000
1359792237,19.070000000000,0.101000000000
1359792237,19.070000000000,0.053964340000
1359792237,19.069600000000,0.350000000000
1359792237,19.068340000000,0.016750000000
1359792237,19.061680000000,0.016760000000
1359792238,19.061670000000,1.000000000000
1359792238,19.060000000000,2.000000000000
1359792239,19.060000000000,300.000000000000
1359792239,19.060000000000,0.053994230000
1359792239,19.059360000000,0.087680000000
1359792239,19.058740000000,0.203600000000
1359792239,19.057780000000,0.021886510000
1359792239,19.057700000000,6.000000000000
1359792239,19.057230000000,0.013768250000
1359792239,19.055020000000,0.016770000000
1359792239,19.050000000000,0.157500000000
1359792240,19.050000000000,5.249300000000
1359792240,19.050000000000,0.101000000000
1359792240,19.050000000000,2.000000000000
1359792240,19.050000000000,0.054024670000
1359792241,19.049290000000,1.000000000000
1359792241,19.049290000000,4.000000000000
1359792242,19.048990000000,0.071566410000
1359792242,19.048490000000,0.117340000000
1359792242,19.048370000000,0.016770000000
1359792242,19.048360000000,10.000000000000
1359792243,19.047800000000,9.565400000000
1359792243,19.043730000000,0.925590000000
1359792243,19.041710000000,0.016780000000
1359792243,19.040000000000,0.054054620000
1359792243,19.039200000000,2.028400000000
1359792243,19.035060000000,0.016780000000
1359792243,19.035040000000,1.000000000000
1359792243,19.034690000000,3.000000000000
1359792243,19.030000000000,4.000000000000
1359792244,19.030000000000,3.000000000000
1359792244,19.030000000000,0.101000000000
1359792244,19.030000000000,1.600000000000
1359792244,19.030000000000,0.054084600000
1359792244,19.028400000000,0.016790000000
1359792245,19.022000000000,184.873222050000
1359792245,19.021750000000,0.016790000000
1359792245,19.020000000000,0.054114620000
1359792245,19.019740000000,0.051990000000
1359792245,19.019000000000,1.000000000000
1359792245,19.017800000000,0.100000000000
1359792245,19.017000000000,1.000000000000
1359792246,19.015090000000,0.016800000000
1359792246,19.011990000000,0.203600000000
1359792246,19.011000000000,16.000000000000
1359792246,19.010000000000,20.809614230000
1359792246,19.010000000000,2.000000000000
1359792246,19.010000000000,10.000000000000
1359792248,19.010000000000,0.327400000000
1359792248,19.010000000000,0.101000000000
1359792248,19.010000000000,11.362400000000
1359792249,19.010000000000,0.054144660000
1359792249,19.009960000000,0.016740000000
1359792249,19.009130000000,0.010480000000
1359792249,19.008430000000,0.016810000000
1359792249,19.005000000000,5.000000000000
1359792249,19.001780000000,0.016810000000
1359792250,19.000580000000,2.032500000000
1359792250,19.000240000000,0.025520000000
1359792250,19.000100000000,10.000000000000
1359792251,19.000000000000,0.043421050000
1359792251,19.000000000000,1.020157890000
1359792252,19.000000000000,1.000000000000
1359792252,19.000000000000,0.500000000000
1359792253,19.000000000000,5.760000000000
1359792253,19.000000000000,4.316894730000
1359792253,19.000000000000,10.000000000000
1359792253,19.000000000000,2.000000000000
1359792253,19.000000000000,3.500000000000
1359792253,19.000000000000,5.000000000000
1359792254,19.000000000000,10.000000000000
1359792255,19.000000000000,10.000000000000
1359792255,19.000000000000,1.250000000000
1359792257,19.000000000000,5.000000000000
1359792257,19.000000000000,15.000000000000
1359792258,19.000000000000,0.000196840000
1359792258,19.000000000000,5.263200000000
1359792259,19.000000000000,1.280000000000
1359792259,19.000000000000,1.000000000000
1359792260,19.000000000000,21.000000000000
1359792260,19.000000000000,1.000000000000
1359792260,19.000000000000,2.000000000000
1359792260,19.000000000000,1.000000000000
1359792260,19.000000000000,0.044907360000
1359792260,19.000000000000,2.500000000000
1359792260,19.000000000000,0.010000000000
1359792261,19.000000000000,0.600000000000
1359792261,19.000000000000,20.000000000000
1359792261,19.000000000000,3.000000000000
1359792261,19.000000000000,50.000000000000
1359792261,19.000000000000,20.000000000000
1359792261,19.000000000000,16.157900000000
1359792261,19.000000000000,250.000000000000
1359792261,19.000000000000,1.367477890000
1359792261,19.000000000000,8.447400000000
1359792261,19.000000000000,5.263200000000
1359792261,19.000000000000,1.090000000000
1359792262,19.000000000000,55.000000000000
1359792262,19.000000000000,7.894700000000
1359792262,19.000000000000,5.300000000000
1359792262,19.000000000000,50.000000000000
1359792262,19.000000000000,0.500000000000
1359792263,19.000000000000,42.105300000000
1359792263,19.000000000000,9.473700000000
1359792263,19.000000000000,25.000000000000
1359792264,19.000000000000,0.054174740000
1359792264,18.995120000000,0.016820000000
1359792264,18.995110000000,10.000000000000
1359792264,18.993510000000,0.203600000000
1359792264,18.990880000000,0.039950000000
1359792264,18.990880000000,0.092160000000
1359792264,18.990880000000,0.103080000000
1359792264,18.990880000000,0.361150000000
1359792264,18.990880000000,0.090990000000
1359792264,18.990880000000,0.745030000000
1359792264,18.990880000000,0.793180000000
1359792264,18.990880000000,0.092060000000
1359792264,18.990880000000,0.015230000000
1359792264,18.990860000000,0.076840000000
1359792265,18.990860000000,0.012370000000
1359792265,18.990790000000,0.240000000000
1359792265,18.990000000000,5.337471300000
1359792266,18.990000000000,0.054204840000
1359792267,18.988470000000,0.016820000000
1359792267,18.987870000000,0.379830000000
1359792267,18.987000000000,2.000000000000
1359792268,18.981810000000,0.016830000000
1359792268,18.980000000000,0.054236040000
1359792268,18.975160000000,0.016840000000
1359792270,18.970000000000,101.083899840000
1359792270,18.968500000000,0.016840000000
1359792270,18.967800000000,0.100000000000
1359792274,18.963100000000,9.796500000000
1359792274,18.962990000000,0.203600000000
1359792274,18.961960000000,2.036700000000
1359792274,18.961850000000,0.016850000000
1359792274,18.960000000000,2.000000000000
1359792274,18.956380000000,59.910500000000
1359792274,18.955190000000,0.016850000000
1359792274,18.953040000000,5.000000000000
1359792275,18.951420000000,0.596500000000
1359792275,18.951420000000,0.258500000000
1359792276,18.951420000000,5.500000000000
1359792276,18.950000000000,5.277000000000
1359792276,18.948530000000,0.016860000000
1359792276,18.941880000000,0.016870000000
1359792276,18.941200000000,0.043184190000
1359792276,18.938060000000,3.000000000000
1359792276,18.937220000000,0.025110000000
1359792276,18.936300000000,10.000000000000
1359792276,18.935530000000,0.266177500000
1359792277,18.935220000000,0.016870000000
1359792277,18.933820000000,5.281555600000
1359792277,18.928570000000,0.016880000000
1359792277,18.928290000000,0.203600000000
1359792277,18.928150000000,0.012730000000
1359792277,18.928150000000,0.471120000000
1359792277,18.925890000000,0.365500000000
1359792277,18.925630000000,0.440570000000
1359792277,18.923340000000,2.040800000000
1359792277,18.921910000000,0.016880000000
1359792277,18.917300000000,10.553750000000
1359792277,18.916840000000,0.203790000000
1359792277,18.915260000000,0.016890000000
1359792278,18.915240000000,10.000000000000
1359792278,18.913990000000,0.203600000000
1359792278,18.911000000000,16.000000000000
1359792278,18.910460000000,0.025952640000
1359792278,18.910000000000,2.000000000000
1359792278,18.908600000000,0.016900000000
1359792278,18.907800000000,0.100000000000
1359792279,18.903000000000,5.000000000000
1359792279,18.901950000000,0.016900000000
1359792280,18.901930000000,2.816900000000
1359792281,18.901860000000,0.309790000000
1359792281,18.900000000000,0.012995760000
1359792282,18.900000000000,10.000000000000
1359792282,18.900000000000,11.666382010000
1359792282,18.900000000000,5.291000000000
1359792283,18.900000000000,2.000000000000
1359792283,18.900000000000,18.000000000000
1359792283,18.897680000000,0.010900000000
1359792283,18.895290000000,0.016910000000
1359792283,18.890000000000,26.469000000000
1359792283,18.888630000000,0.016910000000
1359792283,18.888000000000,1.000000000000
1359792283,18.885650000000,2.197170000000
1359792284,18.884720000000,2.045000000000
1359792284,18.883800000000,0.030570000000
1359792284,18.883000000000,25.000000000000
1359792284,18.881980000000,0.016920000000
1359792284,18.881190000000,6.000000000000
1359792284,18.879750000000,0.483860000000
1359792284,18.875320000000,0.016930000000
1359792284,18.868770000000,0.095130000000
1359792284,18.868670000000,0.016930000000
1359792284,18.864990000000,0.203600000000
1359792285,18.863060000000,0.203600000000
1359792285,18.862010000000,0.016940000000
1359792285,18.862000000000,5.000000000000
1359792285,18.860000000000,2.000000000000
1359792285,18.858010000000,0.130610000000
1359792285,18.856860000000,0.038329400000
1359792285,18.855360000000,0.016940000000
1359792285,18.853290000000,1.011570000000
1359792285,18.850000000000,1.000000000000
1359792285,18.850000000000,5.305000000000
1359792285,18.848700000000,0.016950000000
1359792286,18.847800000000,0.100000000000
1359792286,18.846100000000,2.049200000000
1359792286,18.846100000000,12.017200000000
1359792286,18.846100000000,0.409800000000
1359792286,18.844700000000,10.728700000000
1359792286,18.842040000000,0.016960000000
1359792286,18.840010000000,100.000000000000
1359792286,18.840000000000,317.000000000000
1359792286,18.837410000000,7.066400000000
1359792286,18.835390000000,0.016960000000
1359792286,18.835380000000,4.859759010000
1359792286,18.829550000000,0.056470000000
1359792286,18.828730000000,0.016970000000
1359792287,18.822080000000,0.016970000000
1359792287,18.819860000000,0.018130000000
1359792287,18.819040000000,0.011620000000
1359792287,18.818560000000,0.000486220000
1359792287,18.815990000000,0.203600000000
1359792287,18.815420000000,0.016980000000
1359792287,18.811000000000,16.000000000000
1359792287,18.810230000000,0.027880000000
1359792287,18.810000000000,2.000000000000
1359792287,18.808770000000,0.016990000000
1359792287,18.807480000000,2.053400000000
1359792287,18.804950000000,3.000000000000
1359792287,18.803000000000,5.000000000000
1359792287,18.802110000000,0.016990000000
1359792288,18.800970000000,0.043300000000
1359792288,18.800970000000,0.100320000000
1359792288,18.800970000000,0.112180000000
1359792288,18.800970000000,0.396160000000
1359792288,18.800970000000,0.090290000000
1359792288,18.800970000000,0.100140000000
1359792288,18.800970000000,0.014900000000
1359792288,18.800970000000,0.814500000000
1359792288,18.800970000000,0.867650000000
1359792288,18.800950000000,0.084560000000
1359792288,18.800950000000,0.013530000000
1359792288,18.800500000000,30.000000000000
1359792288,18.800010000000,0.675612400000
1359792289,18.800000000000,0.170000000000
1359792289,18.800000000000,0.159600000000
1359792289,18.800000000000,1.438900000000
1359792290,18.800000000000,100.000000000000
1359792290,18.800000000000,9.833308510000
1359792291,18.800000000000,1.000000000000
1359792293,18.800000000000,10.000000000000
1359792293,18.800000000000,5.319100000000
1359792294,18.800000000000,50.000000000000
1359792294,18.800000000000,0.473400000000
1359792294,18.797990000000,0.424920000000
1359792294,18.797840000000,0.203600000000
1359792295,18.796000000000,5.320300000000
1359792296,18.795460000000,0.017000000000
1359792298,18.792160000000,0.012200000000
1359792298,18.792160000000,0.847500000000
1359792298,18.788800000000,0.017000000000
1359792299,18.787800000000,0.100000000000
1359792299,18.782140000000,0.017010000000
1359792299,18.782130000000,10.000000000000
1359792299,18.776790000000,0.203600000000
1359792299,18.775490000000,0.017020000000
1359792300,18.770000000000,283.849654760000
1359792300,18.769000000000,4.000000000000
1359792300,18.768870000000,2.057600000000
1359792300,18.768870000000,0.024700000000
1359792300,18.768830000000,0.017020000000
1359792301,18.768820000000,10.000000000000
1359792302,18.768820000000,10.000000000000
1359792303,18.768820000000,5.000000000000
1359792303,18.768510000000,0.214480000000
1359792303,18.762180000000,0.017030000000
1359792303,18.761030000000,3.239378640000
1359792303,18.760000000000,2.000000000000
1359792303,18.760000000000,10.000000000000
1359792304,18.760000000000,6.478801700000
1359792304,18.755520000000,0.017030000000
1359792304,18.752480000000,10.000000000000
1359792304,18.752480000000,10.810800000000
1359792304,18.750000000000,200.000000000000
1359792304,18.750000000000,5.000000000000
1359792304,18.750000000000,5.066700000000
1359792304,18.750000000000,5.333300000000
1359792304,18.750000000000,2.000000000000
1359792305,18.750000000000,74.232756800000
1359792305,18.750000000000,50.000000000000
1359792305,18.748870000000,0.017040000000
1359792305,18.747840000000,0.027290000000
1359792305,18.746350000000,5.334371360000
1359792305,18.742210000000,0.017050000000
1359792306,18.739140000000,50.500000000000
1359792306,18.738860000000,0.013710000000
1359792306,18.738860000000,0.507340000000
1359792306,18.736370000000,0.483990000000
1359792306,18.736300000000,6.942488110000
1359792306,18.735550000000,0.017050000000
1359792306,18.732610000000,0.203600000000
1359792306,18.730250000000,2.061900000000
1359792306,18.728900000000,0.017060000000
1359792306,18.728890000000,20.000000000000
1359792306,18.727800000000,0.100000000000
1359792306,18.726400000000,11.661000000000
1359792306,18.722240000000,0.017060000000
1359792307,18.717990000000,0.203600000000
1359792307,18.715590000000,0.017070000000
1359792307,18.715000000000,15.000000000000
1359792307,18.712850000000,0.336330000000
1359792307,18.711000000000,16.000000000000
1359792307,18.710010000000,20.000000000000
1359792308,18.710000000000,2.000000000000
1359792308,18.710000000000,37.436884550000
1359792308,18.708930000000,0.017080000000
1359792308,18.708700000000,0.011940000000
1359792308,18.703000000000,5.000000000000
1359792308,18.702280000000,0.017080000000
1359792308,18.700000000000,0.890075890000
1359792308,18.700000000000,0.053500000000
1359792308,18.700000000000,0.006410160000
1359792308,18.700000000000,5.184000000000
1359792308,18.700000000000,8.020000000000
1359792309,18.700000000000,50.000000000000
1359792309,18.700000000000,10.000000000000
1359792309,18.700000000000,2.000000000000
1359792309,18.700000000000,5.347600000000
1359792309,18.700000000000,20.000000000000
1359792309,18.700000000000,1.112299000000
1359792309,18.700000000000,25.000000000000
1359792309,18.700000000000,75.000000000000
1359792309,18.700000000000,106.951871650000
1359792309,18.696800000000,2.366480000000
1359792309,18.695620000000,0.017090000000
1359792310,18.694960000000,0.033320000000
1359792310,18.691630000000,2.053517030000
1359792310,18.691630000000,5.000000000000
1359792310,18.690950000000,0.549770000000
1359792310,18.688970000000,0.017090000000
1359792311,18.682310000000,0.017100000000
1359792313,18.681120000000,0.010100000000
1359792314,18.680080000000,0.102660000000
1359792314,18.679350000000,5.000000000000
1359792314,18.675650000000,0.017110000000
1359792314,18.671830000000,3.000000000000
1359792318,18.670000000000,314.198693620000
1359792318,18.669430000000,0.114910000000
1359792318,18.669000000000,0.017110000000
1359792318,18.667800000000,0.100000000000
1359792318,18.667390000000,0.203600000000
1359792318,18.664760000000,1.098430000000
1359792318,18.664340000000,1.000000000000
1359792318,18.663000000000,33.863800000000
1359792318,18.662340000000,0.017120000000
1359792319,18.662330000000,2.778166190000
1359792320,18.660000000000,2.000000000000
1359792320,18.660000000000,2.000000000000
1359792320,18.660000000000,2.000000000000
1359792320,18.655690000000,0.017120000000
1359792320,18.654500000000,1.037500000000
1359792320,18.653010000000,2.070400000000
1359792320,18.650850000000,0.010100000000
1359792321,18.650000000000,25.000000000000
1359792321,18.650000000000,0.303000000000
1359792321,18.650000000000,4.150000000000
1359792321,18.650000000000,5.361900000000
1359792321,18.649030000000,0.017130000000
1359792321,18.649020000000,50.000000000000
1359792321,18.649020000000,0.010000000000
1359792321,18.649020000000,50.500000000000
1359792322,18.649020000000,10.000000000000
1359792322,18.649020000000,0.000028550000
1359792322,18.642380000000,0.017140000000
1359792322,18.641250000000,0.060990000000
1359792322,18.637970000000,4.110000000000
1359792323,18.635720000000,0.017140000000
1359792323,18.635710000000,0.101000000000
1359792323,18.635710000000,2.000000000000
1359792323,18.635710000000,110.071400000000
1359792323,18.635710000000,4.290000000000
1359792323,18.635710000000,4.128567850000
1359792324,18.635710000000,50.000000000000
1359792324,18.635710000000,3.800000000000
1359792324,18.633150000000,0.577924000000
1359792324,18.631660000000,0.019530000000
1359792324,18.630850000000,0.012210000000
1359792324,18.630000000000,518.303800000000
1359792325,18.629070000000,0.017150000000
1359792325,18.622410000000,0.017160000000
1359792325,18.622130000000,0.030270000000
1359792325,18.620570000000,0.010100000000
1359792326,18.619990000000,0.203600000000
1359792326,18.615750000000,0.017160000000
1359792326,18.614390000000,2.074700000000
1359792326,18.612960000000,0.046680000000
1359792326,18.612960000000,0.108560000000
1359792326,18.612960000000,0.121390000000
1359792326,18.612960000000,0.431530000000
1359792326,18.612960000000,0.098620000000
1359792326,18.612960000000,0.109380000000
1359792326,18.612960000000,0.016280000000
1359792326,18.612960000000,0.884670000000
1359792326,18.612960000000,0.942870000000
1359792327,18.612940000000,0.092370000000
1359792327,18.612940000000,0.014680000000
1359792327,18.611000000000,235.688988700000
1359792350,19.199990000000,2.000000000000
1359792359,19.199990000000,11.151775020000
1359792368,19.199990000000,11.151775020000
1359792372,19.073910000000,1.239517990000
1359792376,19.199990000000,0.110000000000
1359792383,19.199990000000,0.110000000000
1359792386,19.199990000000,0.110000000000
1359792390,19.199990000000,0.110000000000
1359792392,19.199990000000,0.110000000000
1359792393,19.199990000000,103.000000000000
1359792396,19.199990000000,0.110000000000
1359792396,19.199990000000,0.110000000000
1359792398,19.199990000000,0.110000000000
1359792400,19.199990000000,0.110000000000
1359792401,19.199990000000,3.000000000000
1359792405,19.199990000000,0.110000000000
1359792408,19.199990000000,0.100000000000
1359792408,19.199990000000,0.110000000000
1359792409,19.199990000000,0.100000000000
1359792410,19.199990000000,0.100000000000
1359792411,19.199990000000,0.110000000000
1359792414,19.199990000000,0.110000000000
1359792415,19.199990000000,0.110000000000
1359792417,19.199990000000,0.110000000000
1359792418,19.199990000000,0.200000000000
1359792418,19.199990000000,0.110000000000
1359792420,19.199990000000,9.000000000000
1359792421,19.199990000000,0.110000000000
1359792423,19.199990000000,29.800287910000
1359792425,19.199990000000,0.110000000000
1359792426,19.199990000000,0.110000000000
1359792428,19.199990000000,0.110000000000
1359792431,19.199990000000,7.000000000000
1359792432,19.199990000000,0.110000000000
1359792432,19.199990000000,0.110000000000
1359792433,19.199990000000,0.110000000000
1359792435,19.199990000000,0.110000000000
1359792436,19.199990000000,8.848224980000
1359792439,19.199990000000,0.110000000000
1359792444,19.199990000000,0.110000000000
1359792444,19.073910000000,6.266282010000
1359792444,19.000000000000,0.065200000000
1359792447,18.990000000000,100.000000000000
1359792448,18.990000000000,0.110000000000
1359792449,18.990000000000,1.000000000000
1359792450,18.990000000000,0.110000000000
1359792454,18.990000000000,2.000000000000
1359792456,18.990000000000,0.110000000000
1359792457,18.990000000000,0.110000000000
1359792459,18.990000000000,0.110000000000
1359792461,18.990000000000,0.110000000000
1359792466,18.990000000000,0.110000000000
1359792468,18.990000000000,0.110000000000
1359792470,18.990000000000,0.110000000000
1359792472,18.990000000000,0.110000000000
1359792473,18.990000000000,0.110000000000
1359792476,18.990000000000,0.110000000000
1359792478,18.970000000000,0.054266740000
1359792478,18.960000000000,0.054296940000
1359792478,18.950000000000,0.054327180000
1359792478,18.940000000000,0.054357440000
1359792478,18.930000000000,0.054387740000
1359792478,18.920000000000,0.054418080000
1359792478,18.910000000000,0.054448970000
1359792478,18.900000000000,0.054479890000
1359792478,18.890000000000,0.054510320000
1359792478,18.880000000000,0.054541310000
1359792478,18.870000000000,0.054571810000
1359792478,18.860000000000,0.054602330000
1359792478,18.850010000000,99.346791250000
1359792484,18.990000000000,0.110000000000
1359792485,18.990000000000,0.110000000000
1359792488,18.990000000000,0.110000000000
1359792490,18.990000000000,0.110000000000
1359792491,18.990000000000,0.110000000000
1359792493,18.990000000000,0.110000000000
1359792495,18.990000000000,0.110000000000
1359792498,18.990000000000,0.110000000000
1359792499,18.990000000000,0.110000000000
1359792499,18.990000000000,0.110000000000
1359792500,18.990000000000,0.110000000000
1359792503,18.990000000000,0.110000000000
1359792504,18.850010000000,0.653208750000
1359792505,18.850000000000,0.054632890000
1359792505,18.840000000000,0.054664540000
1359792505,18.830000000000,0.054695170000
1359792505,18.820000000000,0.054725820000
1359792505,18.810000000000,0.054756510000
1359792505,18.800000000000,0.054787230000
1359792505,18.790000000000,0.054818520000
1359792505,18.780000000000,0.055347710000
1359792505,18.770000000000,0.055379860000
1359792505,18.760000000000,0.055411510000
1359792505,18.750000000000,0.055443200000
1359792505,18.740000000000,0.055475450000
1359792505,18.730000000000,0.055507740000
1359792505,18.727680000000,0.301972800000
1359792505,18.720000000000,0.055539530000
1359792505,18.710000000000,0.055572420000
1359792505,18.700000000000,0.054488770000
1359792505,18.611000000000,4.311011300000
1359792506,18.611000000000,16.000000000000
1359792506,18.610010000000,0.470470000000
1359792506,18.610000000000,0.303000000000
1359792506,18.610000000000,2.000000000000
1359792506,18.609100000000,0.017170000000
1359792506,18.608200000000,12.593200000000
1359792506,18.607800000000,0.100000000000
1359792506,18.603000000000,5.000000000000
1359792507,18.602440000000,0.017170000000
1359792508,18.602160000000,0.203600000000
1359792508,18.600000000000,5.476684400000
1359792509,18.600000000000,0.000035480000
1359792509,18.600000000000,10.000000000000
1359792510,18.600000000000,2.000000000000
1359792510,18.600000000000,5.376300000000
1359792511,18.600000000000,50.000000000000
1359792511,18.600000000000,4.000000000000
1359792511,18.600000000000,14.074930400000
1359792513,18.990000000000,0.110000000000
1359792517,18.990000000000,0.110000000000
1359792521,18.990000000000,0.110000000000
1359792524,18.990000000000,0.110000000000
1359792524,18.990000000000,0.110000000000
1359792526,18.990000000000,0.110000000000
1359792527,18.990000000000,0.110000000000
1359792534,18.990000000000,0.110000000000
1359792535,18.990000000000,0.110000000000
1359792536,18.990000000000,0.110000000000
1359792537,18.990000000000,0.110000000000
1359792539,18.990000000000,0.110000000000
1359792540,18.990000000000,0.110000000000
1359792544,18.990000000000,0.110000000000
1359792546,18.990000000000,0.110000000000
1359792547,18.990000000000,0.110000000000
1359792547,18.990000000000,0.110000000000
1359792547,18.990000000000,0.110000000000
1359792548,18.990000000000,0.110000000000
1359792553,18.990000000000,0.110000000000
1359792554,18.990000000000,0.110000000000
1359792555,18.990000000000,0.110000000000
1359792559,18.600000000000,0.000298740000
1359792560,18.600000000000,0.010009110000
1359792561,18.600000000000,0.010009070000
1359792564,18.990000000000,0.110000000000
1359792566,18.600000000000,0.009801280000
1359792569,18.990000000000,0.110000000000
1359792577,18.990000000000,0.110000000000
1359792579,18.990000000000,0.110000000000
1359792590,18.990000000000,0.110000000000
1359792595,18.990000000000,0.110000000000
1359792599,18.990000000000,0.110000000000
1359792601,18.990000000000,0.110000000000
1359792604,18.990000000000,0.110000000000
1359792605,18.990000000000,0.110000000000
1359792606,18.990000000000,0.110000000000
1359792614,18.990000000000,0.110000000000
1359792618,18.979020000000,0.770000000000
1359792628,18.990000000000,0.110000000000
1359792650,18.990000000000,0.110000000000
1359792654,18.990000000000,0.110000000000
1359792664,18.990000000000,0.110000000000
1359792672,18.990000000000,0.110000000000
1359792694,18.990000000000,0.110000000000
1359792701,18.990000000000,0.110000000000
1359792711,18.990000000000,7.579330000000
1359792714,18.990000000000,0.110000000000
1359792718,18.990000000000,6.672740000000
1359792726,18.990000000000,0.110000000000
1359792728,18.990000000000,5.770650000000
1359792735,18.990000000000,0.110000000000
1359792743,18.990000000000,0.110000000000
1359792753,18.990000000000,0.110000000000
1359792763,18.990000000000,0.110000000000
1359792766,18.990000000000,0.110000000000
1359792771,18.990000000000,13.000000000000
1359792774,18.990000000000,0.110000000000
1359792778,18.990000000000,0.110000000000
1359792784,18.989360000000,0.062990000000
1359792785,18.979020000000,6.014130000000
1359792785,18.931700000000,0.070610000000
1359792785,18.884600000000,7.741730000000
1359792785,18.859620000000,0.080070000000
1359792785,18.787800000000,1.150000000000
1359792786,18.769530000000,0.091800000000
1359792786,18.690000000000,0.054518990000
1359792786,18.680000000000,0.054549250000
1359792786,18.670000000000,0.054579540000
1359792786,18.660000000000,0.054610400000
1359792786,18.656910000000,0.106300000000
1359792786,18.650000000000,0.054640750000
1359792786,18.620000000000,5.000000000000
1359792786,18.600000000000,10.894951400000
1359792786,18.600000000000,0.024343540000
1359792795,18.598040000000,0.110000000000
1359792805,18.598040000000,0.110000000000
1359792810,18.598040000000,0.110000000000
1359792810,18.598040000000,0.110000000000
1359792814,18.598040000000,0.110000000000
1359792816,18.598040000000,0.110000000000
1359792819,18.598040000000,55.643600000000
1359792822,18.598040000000,0.110000000000
1359792826,18.598040000000,0.110000000000
1359792827,18.598040000000,11.966576130000
1359792830,18.990000000000,0.110000000000
1359792831,18.990000000000,0.110000000000
1359792833,18.990000000000,0.019414950000
1359792857,18.990000000000,6.000000000000
1359792938,18.850010000000,1.100300000000
1359792953,18.850010000000,0.072658310000
1359792968,18.850010000000,0.757041690000
1359792968,18.890000000000,0.561597400000
1359792971,18.890000000000,0.650000000000
1359792977,18.878000000000,30.000000000000
1359793005,18.878000000000,52.106200000000
1359793005,18.858090000000,5.302763940000
1359793005,18.725000000000,32.714235510000
1359793005,18.700000000000,20.000000000000
1359793005,18.640000000000,0.054671670000
1359793005,18.637040000000,3.100300000000
1359793005,18.630000000000,0.054702090000
1359793006,18.595790000000,0.017180000000
1359793006,18.590290000000,0.010100000000
1359793007,18.590000000000,108.126062980000
1359793011,18.590000000000,0.010007710000
1359793023,18.890000000000,0.202800000000
1359793038,18.620000000000,0.054732550000
1359793038,18.610000000000,0.054335690000
1359793062,18.610000000000,0.000031690000
1359793070,18.890000000000,0.023892570000
1359793072,18.890000000000,0.200000000000
1359793086,18.890000000000,2.000000000000
1359793092,18.890000000000,3.100300000000
1359793124,18.890000000000,7.729830000000
1359793128,18.890000000000,5.531580030000
1359793128,18.899900000000,1.245249970000
1359793130,18.899900000000,5.828510000000
1359793132,18.899900000000,1.242544730000
1359793155,18.762120000000,0.028940000000
1359793155,18.710000000000,10.000000000000
1359793155,18.700000000000,100.000000000000
1359793155,18.650350000000,3.100300000000
1359793156,18.610000000000,0.000395650000
1359793156,18.600000000000,0.054793550000
1359793156,18.600000000000,35.000000000000
1359793156,18.590000000000,4.201164600000
1359793156,18.590000000000,0.054824640000
1359793156,18.589130000000,0.017190000000
1359793156,18.582480000000,0.017190000000
1359793156,18.580000000000,5.677891280000
1359793156,18.580000000000,0.054855760000
1359793156,18.579110000000,0.010000000000
1359793156,18.575820000000,0.017200000000
1359793156,18.575770000000,2.079000000000
1359793156,18.570000000000,2.692500000000
1359793157,18.570000000000,1.954361870000
1359793157,18.570000000000,0.054886380000
1359793157,18.569160000000,0.017200000000
1359793157,18.567290000000,0.369800000000
1359793157,18.567260000000,1.930000000000
1359793157,18.562510000000,0.017210000000
1359793157,18.560360000000,0.029490000000
1359793157,18.560010000000,0.010100000000
1359793157,18.560000000000,2.000000000000
1359793157,18.560000000000,0.054917030000
1359793157,18.558200000000,0.292590000000
1359793157,18.555850000000,0.017220000000
1359793158,18.551480000000,0.492080000000
1359793158,18.551480000000,0.013300000000
1359793158,18.550000000000,0.303000000000
1359793158,18.550000000000,36.657589750000
1359793158,18.550000000000,5.390800000000
1359793159,18.550000000000,3.000000000000
1359793159,18.550000000000,2.500000000000
1359793159,18.550000000000,0.054947710000
1359793162,18.549980000000,0.203600000000
1359793162,18.549200000000,0.017220000000
1359793162,18.549010000000,0.471720000000
1359793162,18.547800000000,0.100000000000
1359793162,18.542540000000,0.017230000000
1359793162,18.540000000000,0.054978430000
1359793162,18.537150000000,4.166700000000
1359793162,18.537150000000,0.024945000000
1359793163,18.537150000000,0.416700000000
1359793164,18.537150000000,5.500000000000
1359793164,18.537150000000,0.972395830000
1359793164,18.535890000000,0.017240000000
1359793165,18.531230000000,1.000000000000
1359793165,18.530000000000,0.055009170000
1359793165,18.530000000000,10.000000000000
1359793165,18.529740000000,0.010100000000
1359793165,18.529230000000,0.017240000000
1359793166,18.525720000000,0.363150000000
1359793167,18.525720000000,0.010180000000
1359793167,18.522580000000,0.017250000000
1359793167,18.521610000000,0.012990000000
1359793167,18.520010000000,100.000000000000
1359793167,18.520000000000,25.000000000000
1359793168,18.520000000000,33.385813350000
1359793173,18.877010000000,0.080000000000
1359793186,18.599000000000,4.000000000000
1359793186,18.598050000000,100.000000000000
1359793186,18.598040000000,0.970000000000
1359793186,18.530000000000,10.000000000000
1359793186,18.520000000000,17.532086650000
1359793186,18.520000000000,20.000000000000
1359793186,18.520000000000,0.055041040000
1359793187,18.517000000000,13.953631250000
1359793187,18.516140000000,0.124130000000
1359793187,18.515920000000,0.017250000000
1359793187,18.511670000000,0.034801340000
1359793187,18.511000000000,16.000000000000
1359793187,18.510000000000,10.000000000000
1359793187,18.510000000000,0.303000000000
1359793187,18.510000000000,2.000000000000
1359793187,18.510000000000,3.241500000000
1359793187,18.510000000000,217.768559720000
1359793194,18.724990000000,4.360200000000
1359793205,18.722000000000,0.800000000000
1359793224,18.722000000000,0.112000000000
1359793225,18.724990000000,1.168000000000
1359793261,18.650000000000,3.255000000000
1359793262,18.510000000000,24.745000000000
1359793284,18.724990000000,0.279486180000
1359793287,18.724990000000,4.550226240000
1359793296,18.724990000000,1.000000000000
1359793311,18.724990000000,0.404846390000
1359793313,18.724990000000,101.637241190000
1359793313,18.725000000000,10.000000000000
1359793313,18.877010000000,0.890000000000
1359793313,18.899900000000,7.472758810000
1359793318,18.663320000000,0.010004730000
1359793319,18.663320000000,0.000207780000
1359793323,18.899900000000,1.010530900000
1359793328,18.663320000000,0.009866290000
1359793334,18.663320000000,0.044011200000
1359793334,18.606650000000,0.072420000000
1359793334,18.600010000000,1.246975350000
1359793334,18.525000000000,2.782876740000
1359793340,18.899900000000,3.200405590000
1359793341,18.900000000000,34.799594410000
1359793355,18.890000000000,0.300160960000
1359793358,18.900000000000,0.600000000000
1359793359,18.890000000000,4.250065280000
1359793359,18.890000000000,2.000000000000
1359793371,18.620000000000,1.000000000000
1359793371,18.600000000000,0.059000000000
1359793372,18.600000000000,162.000000000000
1359793384,18.600000000000,7.154330000000
1359793385,18.600000000000,6.533750000000
1359793388,18.600000000000,5.916270000000
1359793424,18.600000000000,13.000000000000
1359793427,18.525000000000,22.417123260000
1359793427,18.520020000000,17.582876740000
1359793468,18.600000000000,4.336650000000
1359793468,18.610000000000,2.000000000000
1359793468,18.700000000000,4.663350000000
1359793468,18.700000000000,1.063450800000
1359793471,18.520020000000,0.010008110000
1359793472,18.520020000000,0.010007910000
1359793473,18.520020000000,0.010007510000
1359793478,18.520020000000,47.607399730000
1359793478,18.520020000000,0.150817870000
1359793478,18.520000000000,8.000000000000
1359793478,18.510130000000,26.651914380000
1359793479,18.510100000000,1.000000000000
1359793479,18.510000000000,0.055071850000
1359793479,18.510000000000,10.000000000000
1359793479,18.510000000000,160.360057800000
1359793479,18.509830000000,2.537500000000
1359793479,18.508010000000,0.036090000000
1359793479,18.504040000000,0.616340000000
1359793479,18.503000000000,5.000000000000
1359793479,18.500000000000,0.054100000000
1359793479,18.500000000000,25.000000000000
1359793479,18.500000000000,5.000000000000
1359793479,18.500000000000,1.000000000000
1359793479,18.500000000000,433.200000000000
1359793479,18.500000000000,0.053337290000
1359793479,18.500000000000,54.054100000000
1359793480,18.500000000000,0.250000000000
1359793480,18.500000000000,12.400000000000
1359793480,18.500000000000,0.540500000000
1359793480,18.500000000000,5.000000000000
1359793480,18.500000000000,10.432400000000
1359793480,18.500000000000,200.000000000000
1359793480,18.500000000000,26.784168100000
1359793480,18.500000000000,10.000000000000
1359793480,18.500000000000,5.405400000000
1359793481,18.500000000000,2.000000000000
1359793481,18.500000000000,108.108100000000
1359793481,18.500000000000,2.293500000000
1359793481,18.500000000000,2.000000000000
1359793481,18.500000000000,1.081100000000
1359793481,18.500000000000,278.287762160000
1359793481,18.500000000000,500.000000000000
1359793481,18.500000000000,1.000000000000
1359793481,18.500000000000,50.000000000000
1359793481,18.500000000000,1.000000000000
1359793481,18.500000000000,50.000000000000
1359793481,18.500000000000,54.054054050000
1359793481,18.500000000000,0.055102700000
1359793481,18.500000000000,27.027000000000
1359793481,18.493280000000,0.110270000000
1359793481,18.490000000000,1.000000000000
1359793482,18.490000000000,0.055652790000
1359793482,18.489800000000,13.525500000000
1359793482,18.487800000000,0.100000000000
1359793482,18.482730000000,0.126570000000
1359793482,18.480000000000,0.055684520000
1359793482,18.478110000000,1.186160000000
1359793482,18.470000000000,0.056242010000
1359793482,18.460000000000,2.000000000000
1359793482,18.460000000000,0.056275730000
1359793482,18.455680000000,0.216880000000
1359793482,18.454840000000,0.065560000000
1359793483,18.450000000000,0.303000000000
1359793483,18.450000000000,40.000000000000
1359793483,18.450000000000,5.420100000000
1359793483,18.450000000000,0.056308940000
1359793483,18.445350000000,0.020960000000
1359793483,18.444540000000,0.013090000000
1359793486,18.440000000000,10.000000000000
1359793486,18.440000000000,0.056341650000
1359793486,18.438900000000,0.010100000000
1359793486,18.435910000000,0.034090000000
1359793486,18.430000000000,0.056374390000
1359793486,18.427800000000,0.100000000000
1359793486,18.426830000000,0.050090000000
1359793486,18.426830000000,0.116880000000
1359793486,18.426830000000,0.130680000000
1359793486,18.426830000000,0.467260000000
1359793487,18.426830000000,0.107040000000
1359793487,18.426830000000,0.118710000000
1359793487,18.426830000000,0.017670000000
1359793487,18.426830000000,0.955540000000
1359793487,18.426830000000,1.018840000000
1359793487,18.426820000000,0.014240000000
1359793488,18.426820000000,0.100240000000
1359793488,18.423910000000,0.516480000000
1359793488,18.420000000000,0.056407710000
1359793488,18.411000000000,16.000000000000
1359793493,18.410270000000,1.014285500000
1359793493,18.410000000000,0.303000000000
1359793493,18.410000000000,2.000000000000
1359793493,18.410000000000,0.056440520000
1359793493,18.408630000000,0.010100000000
1359793493,18.403000000000,5.000000000000
1359793494,18.400000000000,0.201093470000
1359793496,18.400000000000,10.000000000000
1359793496,18.400000000000,5.939391300000
1359793496,18.400000000000,5.434800000000
1359793496,18.400000000000,2.200000000000
1359793496,18.400000000000,0.010000000000
1359793496,18.400000000000,0.056474460000
1359793496,18.399860000000,21.633704270000
1359793496,18.393320000000,0.010130000000
1359793496,18.390000000000,0.202000000000
1359793496,18.390000000000,0.057046220000
1359793496,18.382680000000,4.201700000000
1359793496,18.380000000000,0.202000000000
1359793497,18.380000000000,0.057079980000
1359793497,18.379900000000,0.076658800000
1359793497,18.378350000000,0.010100000000
1359793497,18.376970000000,5.441593530000
1359793497,18.374760000000,0.031720000000
1359793497,18.371600000000,14.457700000000
1359793497,18.370000000000,0.202000000000
1359793497,18.370000000000,0.057114860000
1359793497,18.367800000000,0.100000000000
1359793497,18.365960000000,0.531150000000
1359793497,18.365960000000,0.014360000000
1359793497,18.363520000000,0.512660000000
1359793497,18.361230000000,0.043415900000
1359793497,18.360000000000,0.202000000000
1359793497,18.360000000000,1.000000000000
1359793498,18.360000000000,2.000000000000
1359793498,18.360000000000,0.057149240000
1359793498,18.350000000000,0.202000000000
1359793499,18.350000000000,18.785100000000
1359793499,18.350000000000,5.449600000000
1359793499,18.350000000000,0.057183110000
1359793499,18.348070000000,0.010100000000
1359793499,18.345550000000,4.006000000000
1359793499,18.340460000000,0.390230000000
1359793499,18.340460000000,0.010900000000
1359793499,18.340180000000,0.145940000000
1359793499,18.340020000000,0.450000000000
1359793500,18.340010000000,100.000000000000
1359793500,18.340000000000,0.202000000000
1359793500,18.340000000000,0.057218650000
1359793500,18.336400000000,0.014040000000
1359793500,18.331840000000,0.770000000000
1359793500,18.330010000000,200.000000000000
1359793500,18.330000000000,0.202000000000
1359793500,18.330000000000,0.057253140000
1359793500,18.324730000000,2.710260000000
1359793500,18.322930000000,0.038900000000
1359793500,18.320000000000,10.300000000000
1359793501,18.320000000000,0.202000000000
1359793501,18.319000000000,0.683590000000
1359793501,18.317800000000,0.010100000000
1359793501,18.311000000000,16.000000000000
1359793501,18.310000000000,0.202000000000
1359793501,18.310000000000,2.000000000000
1359793501,18.308350000000,0.117950000000
1359793501,18.307890000000,25.000000000000
1359793501,18.307800000000,0.100000000000
1359793501,18.305440000000,4.219400000000
1359793501,18.303000000000,5.000000000000
1359793501,18.300000000000,0.120200000000
1359793501,18.300000000000,46.000000000000
1359793502,18.300000000000,3.750000000000
1359793502,18.300000000000,5.464500000000
1359793502,18.300000000000,0.010000000000
1359793502,18.297900000000,0.138350000000
1359793502,18.293330000000,1.274780000000
1359793502,18.290000000000,0.202000000000
1359793502,18.290000000000,7.000000000000
1359793502,18.287520000000,0.010100000000
1359793502,18.279000000000,20.000000000000
1359793502,18.270290000000,0.070170000000
1359793502,18.270000000000,0.202000000000
1359793502,18.265930000000,5.549400000000
1359793502,18.260890000000,0.022390000000
1359793503,18.260100000000,0.013970000000
1359793503,18.260000000000,2.000000000000
1359793503,18.257240000000,0.010100000000
1359793504,18.253200000000,15.390000000000
1359793504,18.253000000000,5.000000000000
1359793504,18.251550000000,0.036470000000
1359793505,18.250000000000,75.000000000000
1359793505,18.250000000000,0.202000000000
1359793505,18.250000000000,200.000000000000
1359793505,18.250000000000,5.479500000000
1359793505,18.250000000000,0.802083830000
1359793505,18.247800000000,0.100000000000
1359793506,18.245660000000,1.326800000000
1359793506,18.242560000000,0.053540000000
1359793507,18.242560000000,0.125290000000
1359793507,18.242560000000,0.140070000000
1359793507,18.242560000000,0.503340000000
1359793507,18.242560000000,0.115540000000
1359793507,18.242560000000,0.128130000000
1359793507,18.242560000000,0.019070000000
1359793507,18.242560000000,1.027140000000
1359793508,18.242560000000,1.095590000000
1359793508,18.242550000000,0.015340000000
1359793508,18.242550000000,0.108200000000
1359793508,18.239670000000,0.562960000000
1359793508,18.230000000000,10.970900000000
1359793508,18.230000000000,0.202000000000
1359793508,18.228200000000,4.237300000000
1359793508,18.228200000000,0.423700000000
1359793508,18.226960000000,0.010100000000
1359793508,18.221000000000,32.091530650000
1359793508,18.220000000000,50.000000000000
1359793508,18.220000000000,10.000000000000
1359793508,18.213900000000,0.022336890000
1359793508,18.213900000000,0.013402130000
1359793508,18.213900000000,0.039564470000
1359793508,18.213900000000,0.048049260000
1359793509,18.211000000000,16.000000000000
1359793509,18.210000000000,0.202000000000
1359793509,18.210000000000,2.000000000000
1359793509,18.209380000000,0.010850000000
1359793509,18.203000000000,5.000000000000
1359793509,18.201020000000,6.800000000000
1359793509,18.200010000000,0.000036260000
1359793509,18.200000000000,75.000000000000
1359793509,18.200000000000,104.861500000000
1359793509,18.200000000000,5.494500000000
1359793509,18.200000000000,0.010000000000
1359793509,18.196690000000,0.010100000000
1359793509,18.195020000000,5.496008440000
1359793509,18.193900000000,2.748200000000
1359793509,18.191010000000,0.033970000000
1359793509,18.190000000000,0.202000000000
1359793509,18.187800000000,0.100000000000
1359793510,18.182300000000,0.570610000000
1359793510,18.182300000000,0.015420000000
1359793510,18.179880000000,0.554010000000
1359793510,18.170000000000,0.202000000000
1359793510,18.166410000000,0.010100000000
1359793510,18.163090000000,5.000000000000
1359793511,18.160000000000,2.000000000000
1359793511,18.157060000000,0.417580000000
1359793511,18.157060000000,0.011630000000
1359793511,18.155140000000,4.350877190000
1359793511,18.155140000000,5.470000000000
1359793511,18.153030000000,0.015120000000
1359793511,18.153000000000,5.000000000000
1359793512,18.150960000000,4.255300000000
1359793512,18.150000000000,150.000000000000
1359793512,18.150000000000,0.202000000000
1359793512,18.150000000000,1.377400000000
1359793512,18.150000000000,5.509600000000
1359793512,18.141480000000,2.884750000000
1359793512,18.139700000000,0.041730000000
1359793512,18.136130000000,0.010100000000
1359793512,18.135810000000,0.751520000000
1359793512,18.133700000000,5.514600000000
1359793512,18.130000000000,0.202000000000
1359793512,18.127800000000,0.100000000000
1359793512,18.125270000000,0.125710000000
1359793512,18.118850000000,66.229369000000
1359793513,18.114930000000,0.150250000000
1359793513,18.114640000000,0.037228140000
1359793513,18.112250000000,0.389587060000
1359793513,18.111100000000,50.000000000000
1359793513,18.111000000000,50.000000000000
1359793513,18.111000000000,16.000000000000
1359793514,18.110400000000,1.522470000000
1359793514,18.110000000000,0.202000000000
1359793515,18.110000000000,2.000000000000
1359793515,18.110000000000,40.000000000000
1359793515,18.105850000000,0.010100000000
1359793515,18.103000000000,5.000000000000
1359793518,18.100000000000,1.976900000000
1359793518,18.100000000000,0.937000000000
1359793518,18.100000000000,27.624300000000
1359793519,18.100000000000,10.215452480000
1359793520,18.100000000000,5.082900000000
1359793520,18.100000000000,1.859281760000
1359793520,18.100000000000,5.524900000000
1359793520,18.100000000000,1.712700000000
1359793520,18.100000000000,0.010000000000
1359793522,18.100000000000,4.500000000000
1359793525,18.100000000000,32.000000000000
1359793525,18.090000000000,0.202000000000
1359793525,18.087590000000,0.074830000000
1359793525,18.086370000000,4.014000000000
1359793525,18.086370000000,6.830000000000
1359793525,18.078280000000,0.023840000000
1359793525,18.077500000000,0.015100000000
1359793525,18.075580000000,0.010100000000
1359793525,18.074940000000,0.149976220000
1359793525,18.073720000000,4.273500000000
1359793527,18.073720000000,2.000000000000
1359793527,18.070000000000,0.202000000000
1359793527,18.070000000000,25.000000000000
1359793527,18.070000000000,2.100000000000
1359793527,18.069040000000,0.038870000000
1359793527,18.067800000000,0.100000000000
1359793527,18.060130000000,0.057020000000
1359793527,18.060130000000,0.133780000000
1359793528,18.060130000000,0.149550000000
1359793528,18.060130000000,0.539800000000
1359793528,18.060130000000,0.124120000000
1359793528,18.060130000000,0.137650000000
1359793528,18.060130000000,0.020490000000
1359793528,18.060130000000,1.099460000000
1359793528,18.060130000000,1.173110000000
1359793528,18.060120000000,0.016450000000
1359793528,18.060120000000,0.116240000000
1359793528,18.060000000000,2.000000000000
1359793528,18.060000000000,50.000000000000
1359793528,18.057270000000,0.609900000000
1359793528,18.053000000000,5.000000000000
1359793528,18.050000000000,0.055400000000
1359793529,18.050000000000,0.202000000000
1359793529,18.050000000000,53.179813290000
1359793529,18.050000000000,5.540200000000
1359793529,18.047150000000,0.032394860000
1359793529,18.045300000000,0.010100000000
1359793529,18.042000000000,31.075500000000
1359793529,18.037490000000,0.126671250000
1359793529,18.030000000000,0.202000000000
1359793529,18.027290000000,0.011570000000
1359793529,18.025320000000,0.416600620000
1359793530,18.020000000000,5.000000000000
1359793530,18.017800000000,0.150000000000
1359793530,18.017000000000,1.000000000000
1359793530,18.014870000000,5.550969960000
1359793530,18.013580000000,0.089985740000
1359793530,18.011000000000,16.000000000000
1359793530,18.010100000000,0.100000000000
1359793530,18.010000000000,0.045651860000
1359793530,18.010000000000,5.000000000000
1359793530,18.010000000000,0.202000000000
1359793530,18.010000000000,20.000000000000
1359793530,18.010000000000,2.000000000000
1359793530,18.010000000000,20.000000000000
1359793530,18.009560000000,0.021632400000
1359793530,18.009100000000,0.036240000000
1359793531,18.001600000000,0.481829940000
1359793531,18.000480000000,0.610470000000
1359793531,18.000480000000,0.016500000000
1359793531,18.000000000000,26.056782220000
1359793531,18.000000000000,240.611100000000
1359793531,18.000000000000,5.000000000000
1359793531,18.000000000000,10.953462770000
1359793531,18.000000000000,1.000000000000
1359793531,18.000000000000,1.065465690000
1359793531,18.000000000000,0.216606800000
1359793531,18.000000000000,1.000000000000
1359793531,18.000000000000,2.031000000000
1359793532,18.000000000000,0.500000000000
1359793532,18.000000000000,5.000000000000
1359793532,18.000000000000,2.000000000000
1359793532,18.000000000000,0.130170000000
1359793532,18.000000000000,0.745112770000
1359793533,18.000000000000,2.141700000000
1359793533,18.000000000000,0.250000000000
1359793533,18.000000000000,22.000000000000
1359793533,18.000000000000,16.650000000000
1359793533,18.000000000000,0.100000000000
1359793536,18.000000000000,1.000000000000
1359793536,18.000000000000,2.500000000000
1359793536,18.000000000000,5.555600000000
1359793537,18.000000000000,50.000000000000
