1324536097,3.925010000000,1.460000000000
1324536124,3.925010000000,3.992200000000
1324536124,3.909900000000,0.561100000000
1324536124,3.900000000000,20.438900000000
1324536170,3.900000000000,1.100000000000
1324536238,3.900100000000,0.018300000000
1324536238,3.900000000000,3.781700000000
1324536349,3.900000000000,1.290000000000
1324536363,3.900000000000,2.013332440000
1324536489,3.929290000000,4.900000000000
1324536535,3.900000000000,1.533772310000
1324536565,3.929330000000,3.000000000000
1324536633,3.900000000000,10.000000000000
1324536689,3.929330000000,0.180990010000
1324536719,3.900000000000,1.168177990000
1324536763,3.929330000000,0.010000000000
1324536769,3.929330000000,0.010000000000
1324536855,3.900000000000,0.697457220000
1324536855,3.900000000000,4.248959290000
1324536855,3.900000000000,0.697457220000
1324536857,3.900000000000,0.011721730000
1324536857,3.899000000000,0.685735490000
1324537076,3.899200000000,0.889543170000
1324537079,3.900000000000,20.000000000000
1324537085,3.899200000000,14.110456830000
1324537085,3.899000000000,30.579254550000
1324537189,3.900000000000,4.760000000000
1324537277,3.899400000000,2.000000000000
1324537862,3.900000000000,38.950000000000
1324537972,3.900010000000,0.677281910000
1324538017,3.900010000000,4.761900000000
1324538333,3.900110000000,0.010000000000
1324538408,3.920000000000,0.320000000000
1324538423,3.919960000000,59.052339320000
1324538427,3.919960000000,0.617500000000
1324538468,3.920060000000,0.017900000000
1324538468,3.919960000000,0.010160680000
1324538759,3.899600000000,0.018300000000
1324538759,3.899600000000,2.196990570000
1324538877,3.900700000000,0.370000000000
1324538947,3.910000000000,0.273984000000
1324538947,3.919960000000,6.371939320000
1324538947,3.919960000000,5.660000000000
1324538947,3.929330000000,0.060369990000
1324538947,3.929590000000,0.063900000000
1324538947,3.930000000000,30.000000000000
1324538947,3.930000000000,4.821955530000
1324538947,3.935000000000,5.590000000000
1324538947,3.935000000000,1.000000000000
1324538947,3.935430000000,0.031780000000
1324538947,3.936900000000,36.270000000000
1324538947,3.937970000000,5.970001000000
1324538947,3.939960000000,2.900000000000
1324538947,3.940000000000,0.360928100000
1324538948,3.940000000000,0.021476100000
1324538948,3.940000000000,0.014266300000
1324538948,3.940000000000,10.000000000000
1324538948,3.940000000000,13.744287180000
1324538948,3.940000000000,0.250000000000
1324538948,3.940340000000,0.643020000000
1324538948,3.940750000000,0.226710000000
1324538948,3.941270000000,0.024260000000
1324538948,3.941700000000,0.048860000000
1324538948,3.941740000000,0.046280000000
1324538948,3.941890000000,0.161740000000
1324538948,3.942450000000,1.321580000000
1324538948,3.943320000000,0.012840000000
1324538948,3.945000000000,3.880000000000
1324538948,3.945080000000,1.919680000000
1324538948,3.946000000000,0.986700000000
1324538948,3.946790000000,0.037675030000
1324538948,3.947910000000,0.064290000000
1324538948,3.948900000000,2.099213960000
1324538948,3.949000000000,4.977000000000
1324538948,3.949800000000,7.298685320000
1324538948,3.949900000000,0.043291290000
1324538949,3.949960000000,0.219720000000
1324538949,3.949990000000,0.165063640000
1324538949,3.950000000000,0.294119610000
1324538949,3.950000000000,0.360889800000
1324538949,3.950000000000,15.700000000000
1324538949,3.950000000000,0.021455600000
1324538949,3.950000000000,0.014254900000
1324538949,3.950000000000,2.334495180000
1324538949,3.950000000000,1.250000000000
1324538949,3.950000000000,2.912592580000
1324538949,3.950000000000,5.000000000000
1324538949,3.950000000000,30.000000000000
1324538949,3.950000000000,54.790000000000
1324538949,3.955000000000,35.572057110000
1324538949,3.955010000000,3.558600000000
1324538949,3.955400000000,0.105060000000
1324538949,3.956000000000,22.718561560000
1324538949,3.956000000000,0.986700000000
1324538949,3.956170000000,1.265820000000
1324538949,3.956700000000,0.021300000000
1324538949,3.957030000000,0.058490000000
1324538949,3.957280000000,0.159560000000
1324538949,3.958450000000,0.157930000000
1324538949,3.960000000000,10.000000000000
1324538949,3.960000000000,10.000000000000
1324538950,3.960000000000,0.360834500000
1324538950,3.960000000000,0.021590600000
1324538950,3.960000000000,0.014280600000
1324538950,3.960000000000,0.100000000000
1324538950,3.960030000000,0.029394260000
1324538950,3.961520000000,9.900000000000
1324538950,3.962550000000,0.022060000000
1324538950,3.966780000000,0.539260000000
1324538950,3.969900000000,1.460000000000
1324538950,3.969990000000,32.911627920000
1324538950,3.969990000000,1.375067190000
1324538950,3.970000000000,0.360779800000
1324538950,3.970000000000,0.021534700000
1324538950,3.970000000000,0.014255100000
1324538950,3.970000000000,0.429090000000
1324538950,3.970000000000,1.550000000000
1324538950,3.970000000000,10.000000000000
1324538950,3.970660000000,0.052630000000
1324538950,3.972500000000,0.011160000000
1324538950,3.973350000000,1.000000000000
1324538950,3.975000000000,22.000000000000
1324538951,3.976000000000,0.986700000000
1324538951,3.976620000000,0.242200000000
1324538951,3.976850000000,0.021030000000
1324538951,3.977940000000,0.181020000000
1324538951,3.978050000000,0.079930000000
1324538951,3.978110000000,0.090060000000
1324538951,3.979180000000,2.699530000000
1324538951,3.979280000000,0.016560000000
1324538951,3.979900000000,13.491949380000
1324538951,3.980000000000,0.800700000000
1324538951,3.980000000000,20.000000000000
1324538951,3.980000000000,0.360788200000
1324538951,3.980000000000,0.021518300000
1324538951,3.980000000000,0.014449600000
1324538951,3.980020000000,3.000000000000
1324538951,3.980820000000,0.164377730000
1324538951,3.981110000000,0.064790000000
1324538951,3.982160000000,0.573621900000
1324538951,3.983110000000,2.898740000000
1324538951,3.983720000000,1.038752960000
1324538951,3.987000000000,13.327946250000
1324538951,3.988000000000,0.994000000000
1324538951,3.988000000000,0.127000000000
1324538951,3.988970000000,3.900000000000
1324538951,3.989000000000,3.300000000000
1324538951,3.989000000000,8.000000000000
1324538951,3.989990000000,89.364734280000
1324538952,3.990000000000,0.800700000000
1324538952,3.990000000000,0.360718000000
1324538952,3.990000000000,2.300000000000
1324538952,3.990000000000,0.021474700000
1324538952,3.990000000000,0.014434200000
1324538952,3.990000000000,50.000000000000
1324538952,3.990500000000,4.000000000000
1324538952,3.990670000000,1.005110000000
1324538952,3.991990000000,58.700216730000
1324538965,3.983720000000,1.000000000000
1324538967,3.930000000000,1.439673560000
1324538976,3.930000000000,8.560326440000
1324538976,3.927790000000,0.164617130000
1324538976,3.925500000000,24.426550500000
1324538980,3.925500000000,1.000000000000
1324538985,3.933210000000,0.221060000000
1324538992,3.930000000000,7.724944590000
1324538992,3.930000000000,0.613995410000
1324538992,3.925500000000,2.386004590000
1324538997,3.925500000000,5.338940260000
1324538998,3.925500000000,1.537987920000
1324539013,3.930600000000,0.093660000000
1324539013,3.921200000000,2.906340000000
1324539056,3.934540000000,3.939900000000
1324539067,3.938350000000,0.014000000000
1324539086,3.936520000000,0.059100000000
1324539086,3.933210000000,0.161960000000
1324539086,3.933210000000,0.059100000000
1324539086,3.932280000000,0.254610000000
1324539094,3.932280000000,0.059100000000
1324539105,3.930580000000,0.013720000000
1324539105,3.929480000000,0.018180000000
1324539105,3.927940000000,0.065250000000
1324539105,3.927360000000,0.026080000000
1324539105,3.926800000000,0.166270000000
1324539277,3.926800000000,0.123230000000
1324539277,3.926800000000,0.271800000000
1324539277,3.926360000000,0.050370000000
1324539277,3.921200000000,0.093660000000
1324539277,3.921200000000,12.620077820000
1324539333,3.921200000000,0.050369780000
1324539334,3.911740000000,0.325636370000
1324539361,3.911740000000,1.038403630000
1324539361,3.911540000000,0.034550000000
1324539361,3.911000000000,3.353846370000
1324539420,3.921200000000,0.254610000000
1324539421,3.911000000000,0.253515180000
1324539472,3.911000000000,8.000000000000
1324539475,3.911000000000,0.340000000000
1324539680,3.921100000000,0.221060000000
1324539680,3.921100000000,0.254610000000
1324539694,3.950000000000,10.000000000000
1324539697,3.950000000000,110.524330000000
1324539760,3.955640000000,0.177160000000
1324539760,3.960000000000,0.270000000000
1324539760,3.964100000000,0.022220000000
1324539761,3.965770000000,0.020850000000
1324539761,3.968540000000,0.020390000000
1324539761,3.968880000000,23.489380000000
1324539801,3.913590000000,0.091390000000
1324539801,3.911000000000,0.081510000000
1324539842,3.922570000000,45.936852800000
1324541261,3.919130000000,0.017900000000
1324541261,3.917930000000,0.011090000000
1324541261,3.916380000000,0.043930000000
1324541261,3.915800000000,0.019360000000
1324541261,3.915250000000,0.180220000000
1324541261,3.914800000000,0.066010000000
1324541261,3.910470000000,0.048766700000
1324541261,3.910200000000,0.364383400000
1324541261,3.910200000000,0.014550810000
1324541262,3.910200000000,0.021692960000
1324541262,3.910000000000,0.300000000000
1324541262,3.908990000000,0.018770000000
1324541262,3.908780000000,0.063290000000
1324541262,3.906820000000,9.019468050000
1324541336,3.907830000000,4.970000000000
1324541806,3.908630000000,0.018100000000
1324541815,3.908630000000,3.981900000000
1324542072,3.910000000000,1.000000000000
1324542334,3.911000000000,13.656870360000
1324542334,3.911000000000,10.704516620000
1324542361,3.911000000000,0.673200000000
1324542517,3.935240000000,0.014090000000
1324542540,3.935240000000,32.355910000000
1324542850,3.911000000000,2.000000000000
1324542859,3.911000000000,86.622283380000
1324542859,3.910500000000,32.675312610000
1324542859,3.910000000000,5.018100000000
1324542927,3.906830000000,20.114304010000
1324543059,3.906830000000,2.180035980000
1324543060,3.906340000000,0.013050000000
1324543060,3.905820000000,2.563457110000
1324543079,3.905820000000,0.185522660000
1324543112,3.905820000000,1.050000000000
1324543127,3.905820000000,0.535790230000
1324543127,3.903830000000,0.023370000000
1324543127,3.903090000000,0.045986900000
1324543127,3.902420000000,0.665010000000
1324543127,3.902220000000,0.105920000000
1324543127,3.901000000000,26.000000000000
1324543127,3.900400000000,0.364469050000
1324543127,3.900400000000,0.014566620000
1324543127,3.900400000000,0.021737890000
1324543127,3.900180000000,1.939770000000
1324543128,3.900100000000,0.042872790000
1324543128,3.900100000000,15.000000000000
1324543128,3.900030000000,8.900000000000
1324543128,3.900000000000,98.000000000000
1324543128,3.899900000000,0.920540000000
1324543128,3.899000000000,68.735009960000
1324543128,3.897090000000,3.452384270000
1324543128,3.896080000000,0.029560000000
1324543128,3.895390000000,0.237420000000
1324543128,3.892060000000,0.220460000000
1324543128,3.890600000000,0.364577440000
1324543128,3.890600000000,0.014578970000
1324543128,3.890600000000,0.021761520000
1324543128,3.890080000000,0.584088400000
1324543128,3.890000000000,0.270000000000
1324543128,3.889870000000,0.058560000000
1324543128,3.889640000000,0.184160000000
1324543128,3.888400000000,0.473933300000
1324543129,3.882450000000,4.000000000000
1324543129,3.881030000000,7.777777000000
1324543129,3.880800000000,0.364647770000
1324543129,3.880800000000,0.014604970000
1324543129,3.880800000000,0.021818870000
1324543129,3.880600000000,10.594624050000
1324543132,3.935240000000,0.014090000000
1324543132,3.938000000000,30.000000000000
1324543132,3.939670000000,0.175920000000
1324543132,3.940000000000,13.985796640000
1324543132,3.940000000000,11.014203360000
1324543133,3.940000000000,11.270000000000
1324543133,3.940000000000,4.940000000000
1324543133,3.950000000000,20.985510740000
1324543133,3.950000000000,4.014489260000
1324543134,3.950000000000,1.000000000000
1324543134,3.950000000000,40.000000000000
1324543134,3.956100000000,0.196340000000
1324543134,3.956830000000,0.054300000000
1324543134,3.960000000000,4.734870740000
1324543134,3.960000000000,20.265129260000
1324543134,3.961220000000,0.057525400000
1324543134,3.961220000000,0.140681520000
1324543134,3.963660000000,0.022210000000
1324543134,3.967000000000,3.300000000000
1324543134,3.967150000000,0.023020000000
1324543134,3.967960000000,0.034820000000
1324543134,3.968910000000,0.010480000000
1324543134,3.969000000000,12.607095360000
1324543134,3.969010000000,3.287490000000
1324543135,3.969300000000,0.190220000000
1324543135,3.969300000000,0.039970000000
1324543135,3.969990000000,10.021358460000
1324543135,3.969990000000,22.218135340000
1324543135,3.969990000000,0.779395570000
1324543135,3.970000000000,23.006183810000
1324543136,3.970000000000,1.356000000000
1324543144,3.970000000000,0.637816190000
1324543144,3.970000000000,1.000000000000
1324543144,3.970000000000,0.270000000000
1324543144,3.970170000000,0.010580000000
1324543144,3.970790000000,0.087400000000
1324543144,3.970960000000,0.094010000000
1324543144,3.972860000000,0.211720000000
1324543144,3.973860000000,1.763991430000
1324543161,3.945850000000,0.100000000000
1324543161,3.925500000000,33.259538910000
1324543198,3.920000000000,0.260000000000
1324543262,3.905870000000,1.800000000000
1324543262,3.900000000000,0.230000000000
1324543262,3.889370000000,1.000000000000
1324543262,3.880600000000,2.020000000000
1324543352,3.920000000000,0.260000000000
1324543401,3.920000000000,1.730000000000
1324543655,3.896100000000,0.018300000000
1324543655,3.896100000000,20.000000000000
1324543674,3.896100000000,7.000000000000
1324543686,3.896100000000,117.981700000000
1324543699,3.924100000000,0.190360000000
1324543699,3.933390000000,0.044430000000
1324543699,3.933980000000,0.083270000000
1324543699,3.934220000000,0.080250000000
1324543699,3.937980000000,0.601690000000
1324544006,3.904460000000,0.046517880000
1324544006,3.903580000000,0.013810000000
1324544006,3.901000000000,0.939672120000
1324544101,3.924100000000,1.000000000000
1324544274,3.929240000000,0.000053440000
1324544344,3.929240000000,0.017056560000
1324544357,3.929270000000,0.176880000000
1324544358,3.937620000000,0.123780000000
1324544358,3.939360000000,0.014462850000
1324544358,3.941020000000,0.011280000000
1324544358,3.941720000000,0.066360000000
1324544358,3.945650000000,0.035400000000
1324544358,3.945850000000,0.071505500000
1324544400,3.901000000000,2.000000000000
1324544436,3.945850000000,0.142874500000
1324544436,3.945850000000,1.000000000000
1324544436,3.945850000000,4.110000000000
1324544440,3.947790000000,0.009946560000
1324544446,3.945850000000,2.350025500000
1324544487,3.947790000000,0.010000000000
1324544494,3.947790000000,1.212153540000
1324544503,3.947790000000,0.110690000000
1324544512,3.947790000000,0.015560000000
1324544515,3.947790000000,59.067347760000
1324544516,3.947790000000,0.035090000000
1324544523,3.947790000000,0.119385080000
1324544525,3.947790000000,1.000000000000
1324544541,3.947790000000,15.191573620000
1324544584,3.945700000000,0.050000000000
1324544667,3.942700000000,0.920000000000
1324544821,3.916210000000,5.180001000000
1324544875,3.916210000000,1.000000000000
1324544899,3.940600000000,0.010000000000
1324544945,3.940600000000,0.888192150000
1324544990,3.938500000000,4.940000000000
1324544990,3.938500000000,3.060000000000
1324545023,3.916210000000,1.039000000000
1324545312,3.937500000000,5.000000000000
1324545531,3.937500000000,5.000000000000
1324545531,3.937500000000,4.940000000000
1324545547,3.937500000000,1.248608200000
1324545988,3.937500000000,0.022104080000
1324546491,3.938500000000,21.270671570000
1324546509,3.937500000000,3.130000000000
1324546611,3.937500000000,0.600000000000
1324546611,3.937500000000,0.330000000000
1324546634,3.937500000000,35.729287720000
1324546634,3.937500000000,23.354571820000
1324546668,3.937500000000,0.755000000000
1324546909,3.938500000000,211.729328430000
1324547140,3.938510000000,100.000000000000
1324547338,3.938510000000,17.892705100000
1324547349,3.941600000000,13.000000000000
1324547485,3.938510000000,70.377966470000
1324547485,3.937500000000,6.817361540000
1324547514,3.937500000000,1.540000000000
1324547949,3.941590000000,1.000000000000
1324547953,3.941590000000,2.220000000000
1324547989,3.941590000000,0.950000000000
1324548217,3.941590000000,0.131271250000
1324548371,3.941600000000,2.191573620000
1324548378,3.941600000000,1.000000000000
1324548549,3.941600000000,0.200000000000
1324548549,3.941600000000,0.490000000000
1324548814,3.948010000000,0.018786600000
1324548829,3.948010000000,29.981213400000
1324548841,3.941600000000,6.266626380000
1324548841,3.941590000000,5.198728750000
1324548841,3.937500000000,0.812540790000
1324549063,3.937500000000,17.720525850000
1324549261,3.928940000000,0.323950000000
1324549269,3.929040000000,0.017800000000
1324549269,3.928940000000,4.732200000000
1324549281,3.928940000000,0.158791240000
1324549346,3.928940000000,1.000000000000
1324549500,3.948040000000,33.527372700000
1324549539,3.921900000000,0.470653480000
1324549539,3.916210000000,2.464596520000
1324549638,3.948040000000,59.098692740000
1324549655,3.948040000000,14.985787090000
1324549728,3.917510000000,0.017900000000
1324549744,3.917210000000,0.014015400000
1324549773,3.917210000000,5.740000000000
1324549932,3.917210000000,34.245984600000
1324550216,3.917210000000,0.727915400000
1324550216,3.917210000000,1.000000000000
1324550258,3.944800000000,16.000000000000
1324550355,3.944800000000,4.000000000000
1324550671,3.944790000000,0.777777700000
1324550671,3.944800000000,20.000000000000
1324550672,3.944800000000,0.022222300000
1324550822,3.939500000000,4.940000000000
1324550860,3.939500000000,4.560000000000
1324551013,3.939000000000,5.440000000000
1324551013,3.939000000000,4.940000000000
1324551057,3.940000000000,69.289300000000
1324551057,3.940000000000,200.000000000000
1324551067,3.940000000000,4.940000000000
1324551067,3.940000000000,19.899999990000
1324551111,3.948970000000,3.900000000000
1324551136,3.948970000000,19.590700010000
1324551180,3.918240000000,20.000000000000
1324551193,3.918240000000,8.800000000000
1324551222,3.949000000000,107.279474150000
1324551223,3.949000000000,39.900000010000
1324551223,3.949000000000,4.940000000000
1324551223,3.949000000000,6.329999990000
1324551223,3.949000000000,4.940000000000
1324551223,3.949320000000,0.175740000000
1324551223,3.949430000000,0.017904150000
1324551223,3.949830000000,0.342501000000
1324551223,3.949890000000,0.342501000000
1324551223,3.949900000000,0.042606100000
1324551223,3.949990000000,1.900000000000
1324551224,3.950000000000,5.789273600000
1324551291,3.950000000000,4.210726400000
1324551292,3.950000000000,1.000000000000
1324551292,3.950000000000,0.410000000000
1324551292,3.950000000000,4.379273600000
1324551298,3.950000000000,0.210000000000
1324551343,3.950000000000,0.190000000000
1324551343,3.950000000000,33.000000000000
1324551391,3.950000000000,5.000000000000
1324551396,3.951470000000,0.020000000000
1324551450,3.950000000000,0.136315490000
1324551450,3.950000000000,1.000000000000
1324551466,3.950000000000,1.463684510000
1324551676,3.919560000000,0.017900000000
1324551688,3.919260000000,0.010000000000
1324551700,3.919460000000,10.000000000000
1324551723,3.919260000000,0.014114800000
1324551736,3.919360000000,1.463684510000
1324551736,3.919460000000,14.982100000000
1324552776,3.934470000000,0.014810600000
1324552776,3.949000000000,10.000000000000
1324552776,3.949000000000,4.940000000000
1324552790,3.950000000000,0.178099400000
1324553141,3.949000000000,10.000000000000
1324553141,3.949000000000,2.049432760000
1324553159,3.919460000000,5.000000000000
1324553316,3.930000000000,0.141612090000
1324553486,3.950000000000,10.000000000000
1324553486,3.950000000000,4.940000000000
1324553504,3.950010000000,39.405569310000
1324553509,3.950010000000,1.160000000000
1324553511,3.950790000000,21.299783270000
1324553511,3.951470000000,0.043950000000
1324553512,3.952400000000,0.090000000000
1324553512,3.959960000000,6.900000000000
1324553512,3.960000000000,0.361153400000
1324553512,3.960000000000,0.021603700000
1324553512,3.960000000000,0.014489200000
1324553512,3.960000000000,25.000000000000
1324553512,3.960300000000,0.134410000000
1324553512,3.962370000000,0.037570000000
1324553512,3.965870000000,0.238180000000
1324553512,3.965970000000,0.331060000000
1324553512,3.966000000000,3.300000000000
1324553512,3.966320000000,0.050690000000
1324553512,3.966770000000,0.023850000000
1324553512,3.966860000000,0.042330000000
1324553512,3.967960000000,1.180001000000
1324553512,3.968000000000,5.000000000000
1324553512,3.968890000000,2.101080000000
1324553512,3.968970000000,4.232100100000
1324553512,3.969980000000,3.671186680000
1324553512,3.969990000000,40.573500750000
1324553513,3.970000000000,0.361112600000
1324553513,3.970000000000,0.021547900000
1324553513,3.970000000000,0.014463500000
1324553513,3.970000000000,22.205162630000
1324553513,3.970000000000,12.551550930000
1324553513,3.970000000000,78.935024340000
1324553513,3.970000000000,1.922942060000
1324553517,3.950010000000,1.769183910000
1324553758,3.950010000000,5.300000000000
1324553802,3.950010000000,1.000000000000
1324553861,3.950010000000,12.301991890000
1324553961,3.950010000000,116.270000000000
1324554129,3.950010000000,23.563011230000
1324554236,3.950000000000,19.000000000000
1324554247,3.950000000000,32.000000000000
1324554316,3.950010000000,10.000000000000
1324554338,3.950000000000,3.430379740000
1324554338,3.950000000000,1.832853160000
1324554414,3.925600000000,0.017800000000
1324554414,3.925500000000,9.982200000000
1324554421,3.949900000000,4.940000000000
1324554424,3.949900000000,0.014910000000
1324554447,3.950010000000,0.436988770000
1324554447,3.960000000000,0.230000000000
1324554447,3.967370000000,0.019810000000
1324554447,3.968980000000,55.670000000000
1324554448,3.969000000000,5.660000000000
1324554448,3.970000000000,19.142033600000
1324554448,3.970430000000,0.035270000000
1324554448,3.971000000000,27.910897630000
1324554509,3.959400000000,0.018687200000
1324554509,3.960430000000,0.018587800000
1324554509,3.963430000000,0.018488400000
1324554509,3.966230000000,0.018190200000
1324554509,3.966930000000,0.036579200000
1324554509,3.968880000000,0.721267200000
1324554911,3.938160000000,0.033800000000
1324554911,3.932820000000,0.225640000000
1324554911,3.932820000000,0.027930000000
1324554911,3.925500000000,1.120386530000
1324554951,3.950000000000,6.000000000000
1324555341,3.925510000000,1.020000000000
1324555344,3.950000000000,4.000000000000
1324555344,3.968800000000,1.967800000000
1324555344,3.968900000000,4.940000000000
1324555344,3.970000000000,0.250000000000
1324555344,3.971000000000,20.043229210000
1324555376,3.925510000000,4.500000000000
1324555640,3.965120000000,0.000529610000
1324555923,3.965120000000,0.020740390000
1324555961,3.969520000000,0.010900000000
1324555967,3.969520000000,1.074452720000
1324555987,3.969520000000,8.914647280000
1324556208,3.965120000000,33.616326030000
1324556245,3.965120000000,2.000000000000
1324556264,3.965120000000,1.003009030000
1324556266,3.965120000000,1.410548650000
1324556281,3.969790000000,0.018190200000
1324556281,3.969990000000,3.987210100000
1324556281,3.970140000000,0.025240000000
1324556281,3.970300000000,0.036479800000
1324556281,3.970300000000,0.018190200000
1324556281,3.970470000000,0.018289600000
1324556281,3.970790000000,1.343210100000
1324556281,3.971000000000,27.045873160000
1324556282,3.971000000000,11.270000000000
1324556282,3.971540000000,0.036890000000
1324556282,3.972010000000,3.227540000000
1324556282,3.972270000000,0.034910000000
1324556282,3.972430000000,0.192630000000
1324556282,3.975000000000,1.000000000000
1324556282,3.975460000000,0.161820000000
1324556282,3.977000000000,3.300000000000
1324556282,3.977700000000,0.012740000000
1324556282,3.978990000000,0.017991400000
1324556282,3.979000000000,32.000000000000
1324556282,3.979000000000,16.252795440000
1324556296,3.976000000000,0.100000000000
1324556315,3.965120000000,0.335426000000
1324556323,3.965120000000,1.380000000000
1324556330,3.965120000000,5.254690290000
1324556424,3.936280000000,0.012750000000
1324556424,3.936280000000,0.017170000000
1324556481,3.931670000000,0.010000000000
1324556492,3.931670000000,0.007800000000
1324556492,3.931570000000,0.106180000000
1324556492,3.931570000000,0.137380000000
1324556906,3.926000000000,1.000000000000
1324556968,3.925510000000,3.000000000000
1324556974,3.930000000000,9.000000000000
1324557036,3.930000000000,1.000000000000
1324557036,3.925510000000,3.240001000000
1324557036,3.925500000000,29.766620810000
1324557036,3.920000000000,0.280000000000
1324557036,3.919460000000,4.000000000000
1324557036,3.918300000000,1.883378190000
1324557070,3.918350000000,0.017900000000
1324557070,3.918250000000,0.020730000000
1324557195,3.918000000000,1.040000000000
1324557342,3.918250000000,0.007124270000
1324557519,3.931570000000,6.000000000000
1324557545,3.928500000000,0.630000000000
1324557587,3.928540000000,0.010000000000
1324557670,3.928540000000,7.890000000000
1324557670,3.928500000000,12.043377870000
1324557670,3.918470000000,8.301783600000
1324557670,3.918400000000,10.000000000000
1324557670,3.918250000000,59.992875730000
1324557670,3.918000000000,2.260000000000
1324557670,3.917670000000,1.000000000000
1324557670,3.917260000000,24.690957450000
1324557671,3.917250000000,425.000000000000
1324557671,3.917230000000,50.000000000000
1324557671,3.916810000000,0.059020000000
1324557671,3.916550000000,3.896920000000
1324557671,3.916210000000,109.251433260000
1324557671,3.915250000000,0.180220000000
1324557671,3.914800000000,0.066010000000
1324557671,3.914790000000,0.239230000000
1324557671,3.912570000000,0.364180000000
1324557671,3.910060000000,0.013580000000
1324557671,3.910000000000,1.000000000000
1324557671,3.910000000000,0.250000000000
1324557837,3.909850000000,10.000000000000
1324557837,3.909460000000,10.100000000000
1324557838,3.909360000000,0.048362810000
1324557838,3.909070000000,10.201000000000
1324557838,3.908990000000,0.103580000000
1324557838,3.908680000000,10.303010000000
1324557838,3.908290000000,10.406040000000
1324557838,3.907900000000,10.510100000000
1324557838,3.907510000000,10.615200000000
1324557838,3.907440000000,0.051730000000
1324557838,3.907120000000,10.721350000000
1324557838,3.906730000000,10.828560000000
1324557838,3.906400000000,0.473063760000
1324557838,3.906340000000,6.314740000000
1324557838,3.904210000000,0.026760000000
1324557838,3.902000000000,13.711181440000
1324557838,3.901120000000,0.192860000000
1324557838,3.901100000000,1.000000000000
1324557838,3.901000000000,17.060327880000
1324557838,3.900940000000,0.076940000000
1324557838,3.900100000000,0.042877020000
1324557838,3.900000000000,0.212317090000
1324558032,3.910000000000,10.613907920000
1324558101,3.910000000000,2.886504170000
1324558107,3.910000000000,1.600000000000
1324558198,3.910000000000,8.040000000000
1324558211,3.910000000000,19.243635830000
1324558219,3.910000000000,1.478390200000
1324558219,3.931570000000,0.014720000000
1324558263,3.931570000000,0.506889800000
1324558263,3.901000000000,5.000000000000
1324558263,3.901000000000,1.493110200000
1324558293,3.901000000000,3.446889800000
1324558293,3.900020000000,0.164668380000
1324558293,3.900010000000,1.988441820000
1324558463,3.900400000000,0.018200000000
1324558598,3.900300000000,7.981800000000
1324558672,3.900300000000,2.018200000000
1324558672,3.900100000000,4.940000000000
1324558672,3.900010000000,12.041800000000
1324558762,3.900700000000,2.600000000000
1324558762,3.939080000000,0.014490000000
1324558762,3.939580000000,0.113370000000
1324558762,3.941320000000,0.038068720000
1324558762,3.942200000000,0.174940000000
1324558762,3.949900000000,0.042605340000
1324558762,3.952860000000,0.029620000000
1324558762,3.953220000000,0.432562010000
1324558762,3.953250000000,0.432562010000
1324558762,3.953270000000,0.432562010000
1324558762,3.953290000000,0.432562010000
1324558763,3.953300000000,4.940000000000
1324558763,3.953310000000,0.432562010000
1324558763,3.953340000000,0.432562010000
1324558763,3.953370000000,0.432562010000
1324558763,3.953390000000,0.432562010000
1324558763,3.953410000000,0.432562010000
1324558763,3.953420000000,0.060460000000
1324558763,3.955710000000,0.432562010000
1324558763,3.955740000000,0.432562010000
1324558763,3.955790000000,0.432562010000
1324558763,3.955820000000,0.432562010000
1324558763,3.955840000000,0.432562010000
1324558763,3.955890000000,0.432562010000
1324558763,3.956260000000,5.900000000000
1324558763,3.956270000000,0.913800000000
1324558763,3.956900000000,3.978600000000
1324558763,3.956900000000,11.270000000000
1324558763,3.957000000000,4.000000000000
1324558763,3.958000000000,0.163680370000
1324558763,3.958010000000,0.249210000000
1324558763,3.958020000000,0.259210000000
1324558763,3.958040000000,0.289210000000
1324558763,3.958070000000,0.389210000000
1324558763,3.958090000000,0.589210000000
1324558764,3.958190000000,0.389210000000
1324558764,3.958210000000,0.189210000000
1324558764,3.958250000000,0.179210000000
1324558764,3.958270000000,0.175210000000
1324558764,3.958290000000,0.174210000000
1324558764,3.958300000000,0.194990000000
1324558764,3.959000000000,2.581545230000
1324559289,3.920100000000,0.113625150000
1324559321,3.955000000000,1.000000000000
1324559718,3.955000000000,1.995463960000
1324559938,3.939000000000,0.855100000000
1324560435,3.940000000000,0.070000000000
1324560526,3.940000000000,0.630000000000
1324560672,3.940000000000,0.010000000000
1324560675,3.939000000000,0.144900000000
1324560675,3.920100000000,9.886374850000
1324560675,3.918530000000,0.294810000000
1324560675,3.914970000000,0.050368990000
1324560675,3.914090000000,0.012750000000
1324560675,3.913520000000,0.058170000000
1324560675,3.913490000000,0.038980000000
1324560675,3.911440000000,0.034260000000
1324560675,3.910860000000,0.016410000000
1324560675,3.910200000000,5.100000000000
1324560804,3.906920000000,0.036200000000
1324560804,3.906720000000,0.125310000000
1324560919,3.905470000000,0.046904870000
1324560919,3.904590000000,0.025570000000
1324560919,3.901940000000,0.014610000000
1324560919,3.901360000000,0.010590000000
1324560919,3.901110000000,4.702325130000
1324560961,3.901110000000,1.275792870000
1324560971,3.910000000000,0.200000000000
1324560974,3.910000000000,17.162976160000
1324560974,3.940000000000,10.150325000000
1324560974,3.940000000000,11.270000000000
1324560974,3.949000000000,0.855100000000
1324560975,3.950000000000,8.880000000000
1324560975,3.951870000000,0.191230000000
1324560975,3.955000000000,9.614547020000
1324560975,3.957800000000,36.270000000000
1324560975,3.958890000000,8.960006900000
1324560975,3.959000000000,20.000000000000
1324560975,3.959700000000,0.399062610000
1324560975,3.960000000000,25.000000000000
1324560975,3.964920000000,0.015610000000
1324560975,3.967000000000,1.000000000000
1324560975,3.967920000000,0.363784560000
1324560975,3.968070000000,10.000000000000
1324560975,3.968160000000,0.032920000000
1324560975,3.968410000000,0.025950000000
1324560975,3.968470000000,10.100000000000
1324560975,3.968870000000,10.201000000000
1324560975,3.968970000000,0.488620000000
1324560975,3.969000000000,0.855100000000
1324560975,3.969270000000,10.303010000000
1324560975,3.969670000000,7.860757750000
1324561099,3.922080000000,0.060000000000
1324561270,3.941690000000,0.337341760000
1324561270,3.943130000000,0.034740000000
1324561270,3.950000000000,0.100000000000
1324561270,3.952920000000,0.028770000000
1324561270,3.953980000000,0.059460000000
1324561271,3.956480000000,0.014728630000
1324561271,3.956640000000,0.868850000000
1324561271,3.964140000000,0.036450000000
1324561271,3.968680000000,57.550000000000
1324561271,3.968700000000,1.418225110000
1324561314,3.922080000000,0.069060000000
1324561393,3.922080000000,0.220940000000
1324561485,3.922080000000,3.603560000000
1324561486,3.919820000000,0.052022710000
1324561486,3.918940000000,0.041430000000
1324561486,3.918340000000,0.060180000000
1324561486,3.917840000000,0.012280000000
1324561486,3.916750000000,0.059000000000
1324561486,3.916490000000,3.895460000000
1324561486,3.916300000000,0.043760000000
1324561486,3.915710000000,0.019310000000
1324561486,3.914710000000,0.059900000000
1324561486,3.912510000000,0.368850000000
1324561486,3.911570000000,0.145600000000
1324561486,3.911000000000,12.693219120000
1324561486,3.908740000000,7.777777000000
1324561486,3.908710000000,1.000000000000
1324561486,3.908700000000,10.000000000000
1324561486,3.908310000000,10.100000000000
1324561486,3.907920000000,10.201000000000
1324561486,3.907530000000,10.303010000000
1324561486,3.907140000000,7.860760000000
1324561486,3.901140000000,11.777777000000
1324561486,3.901110000000,108.609104170000
1324561493,3.956990000000,0.177710000000
1324561493,3.968580000000,30.960000000000
1324561494,3.968600000000,6.418260540000
1324561494,3.968600000000,4.851739460000
1324561494,3.968800000000,0.148260540000
1324561494,3.968800000000,1.000000000000
1324561495,3.968800000000,1.000000000000
1324561495,3.968800000000,1.316000000000
1324561495,3.940130000000,0.110400000000
1324561495,3.968800000000,1.205600000000
1324561495,3.968800000000,0.270139460000
1324561495,3.968870000000,1.045860540000
1324561496,3.968000000000,0.125339270000
1324561911,3.934800000000,0.031669350000
1324561996,3.938360000000,0.181690000000
1324561996,3.940130000000,0.110400000000
1324561997,3.943130000000,0.034740000000
1324561997,3.952920000000,0.028770000000
1324561997,3.953980000000,0.059460000000
1324561997,3.956640000000,0.868850000000
1324561997,3.956990000000,0.026980000000
1324561997,3.960000000000,0.005110000000
1324562016,3.937020000000,0.094960650000
1324562016,3.921530000000,0.334720000000
1324562016,3.919470000000,0.051905810000
1324562016,3.918590000000,0.053290000000
1324562016,3.917990000000,0.058670000000
1324562016,3.917490000000,0.012670000000
1324562016,3.916520000000,0.058950000000
1324562016,3.916260000000,3.889770000000
1324562016,3.915940000000,0.043080000000
1324562016,3.915360000000,0.019100000000
1324562016,3.914360000000,0.064950000000
1324562016,3.912280000000,0.365790000000
1324562016,3.911220000000,0.144150000000
1324562016,3.909000000000,5.000000000000
1324562016,3.901140000000,4.321001000000
1324562016,3.901110000000,185.412777830000
1324562016,3.901100000000,0.126902660000
1324562016,3.901000000000,5.000000000000
1324562017,3.900500000000,0.473545810000
1324562017,3.900490000000,3.000000000000
1324562017,3.900100000000,0.042877500000
1324562017,3.900010000000,84.542726810000
1324562017,3.900000000000,5.805982910000
1324562017,3.900000000000,21.313894870000
1324562017,3.900000000000,2.550000000000
1324562017,3.900000000000,0.005466660000
1324562017,3.900000000000,100.000000000000
1324562017,3.900000000000,0.090664100000
1324562017,3.900000000000,177.494884610000
1324562017,3.898290000000,0.163890000000
1324562017,3.897200000000,0.028630000000
1324562017,3.896000000000,50.000000000000
1324562017,3.895000000000,7.860000000000
1324562017,3.894780000000,0.010420000000
1324562017,3.891940000000,0.453770000000
1324562017,3.890950000000,0.415090000000
1324562017,3.890780000000,0.058810000000
1324562017,3.890600000000,0.364752980000
1324562017,3.890600000000,0.014579780000
1324562017,3.890600000000,0.021765140000
1324562018,3.890390000000,3.966990000000
1324562018,3.890380000000,0.112490000000
1324562018,3.890000000000,1.000000000000
1324562018,3.889180000000,0.155010000000
1324562018,3.885870000000,0.742433480000
1324562018,3.884740000000,2.873700000000
1324562018,3.884470000000,0.734380000000
1324562018,3.884420000000,1.007160000000
1324562018,3.884000000000,7.500000000000
1324562018,3.882020000000,100.000000000000
1324562018,3.881560000000,0.021229450000
1324562018,3.881000000000,100.000000000000
1324562018,3.881000000000,43.810000000000
1324562018,3.881000000000,0.617610000000
1324562018,3.880800000000,0.364808890000
1324562018,3.880800000000,0.014605970000
1324562018,3.880800000000,0.021822390000
1324562018,3.880650000000,0.042670000000
1324562018,3.880420000000,0.056370300000
1324562018,3.880000000000,51.196430410000
1324562018,3.880000000000,0.010300000000
1324562018,3.880000000000,1.000000000000
1324562019,3.880000000000,24.987549990000
1324562097,3.933920000000,0.082840000000
1324562097,3.937020000000,1.233160000000
1324562243,3.921980000000,0.190970000000
1324562243,3.933920000000,0.082840000000
1324562243,3.937000000000,1.042190000000
1324562308,3.937020000000,0.074673200000
1324562427,3.903980000000,0.046332640000
1324562428,3.903100000000,0.052260000000
1324562428,3.900460000000,0.011400000000
1324562428,3.900000000000,200.000000000000
1324562429,3.900000000000,4.940000000000
1324562429,3.900000000000,16.915251280000
1324562430,3.899680000000,0.191920000000
1324562430,3.888000000000,50.000000000000
1324562430,3.886870000000,20.000000000000
1324562430,3.885060000000,0.059610000000
1324562430,3.881010000000,0.219720000000
1324562430,3.880000000000,0.012450010000
1324562430,3.880000000000,30.000000000000
1324562430,3.880000000000,10.920000000000
1324562430,3.879390000000,0.100580000000
1324562430,3.877750000000,0.016330000000
1324562430,3.876000000000,1.000000000000
1324562430,3.875210000000,0.164403100000
1324562430,3.874440000000,1.249140000000
1324562430,3.871310000000,0.065920000000
1324562430,3.871000000000,0.364718750000
1324562430,3.871000000000,0.014579370000
1324562430,3.871000000000,0.021683440000
1324562431,3.871000000000,0.617610000000
1324562431,3.870940000000,0.065075970000
1324562431,3.870660000000,0.045150000000
1324562431,3.870000000000,20.052749350000
1324562431,3.869080000000,0.021241610000
1324562431,3.868460000000,0.024720000000
1324562431,3.867980000000,0.292860000000
1324562431,3.866980000000,0.052440000000
1324562431,3.866980000000,0.026150000000
1324562431,3.866000000000,38.860000000000
1324562431,3.865230000000,6.000000000000
1324562431,3.864020000000,25.000000000000
1324562431,3.864010000000,100.000000000000
1324562431,3.864000000000,167.714236120000
1324562431,3.863890000000,0.198620000000
1324562431,3.862730000000,4.938080000000
1324562431,3.862720000000,0.067210000000
1324562431,3.862450000000,0.159750000000
1324562431,3.862000000000,150.000000000000
1324562432,3.861620000000,0.916780000000
1324562432,3.861510000000,0.087650000000
1324562432,3.861200000000,0.364772620000
1324562432,3.861200000000,0.014591160000
1324562432,3.861200000000,0.021705040000
1324562432,3.860960000000,0.415870000000
1324562432,3.860720000000,0.184970000000
1324562432,3.860580000000,0.110430000000
1324562432,3.860510000000,0.010230000000
1324562432,3.860000000000,2.000000000000
1324562432,3.860000000000,50.000000000000
1324562432,3.859080000000,0.063930000000
1324562432,3.858170000000,2.437730000000
1324562432,3.857720000000,61.457875000000
1324562432,3.857640000000,1.627480000000
1324562432,3.856600000000,0.021250060000
1324562432,3.856000000000,0.131000000000
1324562432,3.854900000000,29.631544480000
1324562439,3.880010000000,100.000000000000
1324562439,3.873760000000,0.668320000000
1324562439,3.870640000000,0.013210000000
1324562439,3.869180000000,0.035580000000
1324562439,3.854900000000,3.368455520000
1324562439,3.854440000000,0.403650000000
1324562439,3.853860000000,2.185560000000
1324562439,3.853600000000,0.163914260000
1324562439,3.853110000000,1.523083950000
1324562439,3.853000000000,0.210710000000
1324562439,3.853000000000,0.135920000000
1324562439,3.852020000000,1.694804280000
1324562439,3.852000000000,7.500000000000
1324562440,3.851400000000,0.364883270000
1324562440,3.851400000000,0.021888350000
1324562440,3.851400000000,0.014636900000
1324562440,3.851000000000,20.220000000000
1324562440,3.851000000000,1.011000000000
1324562440,3.851000000000,0.617610000000
1324562440,3.850100000000,0.044407000000
1324562440,3.850020000000,257.512981750000
1324562440,3.850010000000,142.000000000000
1324562440,3.850000000000,1.700000000000
1324562440,3.850000000000,4.000000000000
1324562440,3.850000000000,50.965000000000
1324562440,3.850000000000,2.500000000000
1324562440,3.850000000000,18.181800000000
1324562440,3.850000000000,16.000000000000
1324562440,3.850000000000,10.000000000000
1324562440,3.850000000000,0.410000000000
1324562440,3.850000000000,5.000000000000
1324562440,3.850000000000,16.134225970000
1324562440,3.850000000000,0.230000000000
1324562440,3.848120000000,0.091630000000
1324562440,3.847350000000,19.181600000000
1324562440,3.844120000000,0.021262320000
1324562441,3.844010000000,25.129747320000
1324562441,3.844000000000,290.744119110000
1324562448,3.885060000000,0.059610000000
1324562448,3.882500000000,0.015610000000
1324562448,3.878300000000,0.251830000000
1324562448,3.870820000000,0.048680000000
1324562448,3.859080000000,0.063930000000
1324562448,3.855240000000,0.038320000000
1324562448,3.844000000000,709.255880890000
1324562448,3.842850000000,0.028161390000
1324562448,3.842130000000,1.738530000000
1324562448,3.841600000000,0.364955490000
1324562449,3.841600000000,0.021752200000
1324562449,3.841600000000,0.014633370000
1324562449,3.841090000000,0.010260000000
1324562449,3.840730000000,100.000000000000
1324562449,3.840320000000,17.187500000000
1324562449,3.840000000000,2.000000000000
1324562449,3.840000000000,1.000000000000
1324562449,3.840000000000,167.900346660000
1324562457,3.882600000000,0.018500000000
1324562457,3.872910000000,0.011080000000
1324562457,3.872640000000,0.304180000000
1324562457,3.844000000000,0.660240000000
1324562461,3.844020000000,73.100000000000
1324562461,3.844000000000,4.279760000000
1324562461,3.844000000000,11.270000000000
1324562461,3.840000000000,82.099653340000
1324562461,3.840000000000,3.707645830000
1324562462,3.838280000000,3.267150000000
1324562462,3.835620000000,100.000000000000
1324562462,3.834110000000,0.994640000000
1324562462,3.833420000000,0.578526640000
1324562462,3.832120000000,5.000000000000
1324562462,3.832000000000,0.617610000000
1324562462,3.831800000000,0.014648090000
1324562462,3.831800000000,0.365025740000
1324562462,3.831800000000,0.021779770000
1324562462,3.831640000000,0.021273060000
1324562462,3.831490000000,6.151360000000
1324562462,3.830170000000,22.000000000000
1324562462,3.830000000000,1.000000000000
1324562463,3.830000000000,30.000000000000
1324562463,3.830000000000,0.010100000000
1324562463,3.829140000000,202.658097010000
1324562463,3.825620000000,100.000000000000
1324562463,3.822000000000,0.365075820000
1324562463,3.822000000000,0.021799670000
1324562463,3.822000000000,0.014659380000
1324562463,3.822000000000,188.325500000000
1324562463,3.821820000000,10.102043000000
1324562463,3.821270000000,0.021080000000
1324562463,3.821090000000,27.000000000000
1324562463,3.821000000000,100.000000000000
1324562463,3.820680000000,0.035430000000
1324562463,3.820110000000,0.077090000000
1324562463,3.820000000000,26.880052650000
1324562474,3.820000000000,123.119947350000
1324562474,3.820000000000,32.000000000000
1324562474,3.820000000000,581.205253920000
1324562474,3.820000000000,0.307845540000
1324562474,3.820000000000,3.299700000000
1324562474,3.819570000000,2.237470000000
1324562474,3.819150000000,0.021276360000
1324562474,3.818010000000,130.000000000000
1324562474,3.818000000000,1.022417490000
1324562474,3.817200000000,44.000000000000
1324562474,3.816000000000,7.500000000000
1324562474,3.815500000000,33.000000000000
1324562474,3.815000000000,0.506700000000
1324562475,3.815000000000,0.950290000000
1324562475,3.814520000000,40.829099340000
1324562505,3.840010000000,0.818995200000
1324562505,3.820000000000,0.500000000000
1324562506,3.814540000000,51.620000000000
1324562506,3.814520000000,58.946077090000
1324562506,3.814400000000,33.000000000000
1324562506,3.814350000000,0.111470000000
1324562506,3.812200000000,0.021813370000
1324562506,3.812200000000,0.375175810000
1324562506,3.812200000000,0.014669120000
1324562506,3.812000000000,0.617610000000
1324562506,3.810110000000,0.210000000000
1324562506,3.810030000000,10.050000000000
1324562506,3.810010000000,0.484570000000
1324562506,3.810010000000,76.757092500000
1324562506,3.810010000000,0.210000000000
1324562506,3.810000000000,488.153742600000
1324562506,3.810000000000,0.400000000000
1324562506,3.810000000000,89.238800000000
1324562506,3.810000000000,10.000000000000
1324562506,3.810000000000,0.750000000000
1324562506,3.810000000000,28.000000000000
1324562506,3.810000000000,1.000000000000
1324562507,3.810000000000,0.156973750000
1324562507,3.810000000000,1.000000000000
1324562507,3.809800000000,0.305930000000
1324562507,3.809150000000,0.013860000000
1324562507,3.808800000000,0.038930000000
1324562507,3.808250000000,1.452870000000
1324562507,3.807950000000,100.000000000000
1324562507,3.807910000000,0.253386160000
1324562507,3.806670000000,0.021285950000
1324562507,3.806150000000,7.081120000000
1324562507,3.805700000000,1.400000000000
1324562507,3.805000000000,92.000000000000
1324562507,3.804900000000,0.450830000000
1324562507,3.804620000000,0.147400000000
1324562507,3.802400000000,0.374152850000
1324562507,3.802400000000,0.014453430000
1324562507,3.802400000000,0.021769400000
1324562507,3.801000000000,3.000000000000
1324562507,3.800570000000,1.000000000000
1324562507,3.800100000000,1.000000000000
1324562507,3.800010000000,1.000000000000
1324562507,3.800010000000,10.050000000000
1324562507,3.800000000000,50.000000000000
1324562507,3.800000000000,11.000000000000
1324562508,3.800000000000,2.100000000000
1324562508,3.800000000000,50.000000000000
1324562508,3.800000000000,10.000000000000
1324562508,3.800000000000,20.000000000000
1324562508,3.800000000000,7.895000000000
1324562508,3.800000000000,100.000000000000
1324562508,3.800000000000,7.177500000000
1324562508,3.800000000000,0.400000000000
1324562508,3.800000000000,0.062171050000
1324562508,3.800000000000,180.318734210000
1324562508,3.800000000000,10.000000000000
1324562508,3.800000000000,0.357697360000
1324562508,3.800000000000,45.000000000000
1324562508,3.800000000000,100.000000000000
1324562508,3.800000000000,1.000000000000
1324562508,3.800000000000,2.000000000000
1324562508,3.800000000000,19.736800000000
1324562508,3.800000000000,100.000000000000
1324562508,3.800000000000,1.315800000000
1324562508,3.800000000000,10.000000000000
1324562508,3.800000000000,3.500000000000
1324562508,3.800000000000,65.133000000000
1324562508,3.800000000000,0.011000000000
1324562508,3.800000000000,8.750000000000
1324562508,3.800000000000,10.526300000000
1324562508,3.800000000000,150.000000000000
1324562509,3.800000000000,10.000000000000
1324562513,3.800000000000,0.751330000000
1324562514,3.800000000000,4.940000000000
1324562514,3.800000000000,1.641162130000
1324562515,3.800000000000,11.270000000000
1324562515,3.800000000000,36.270000000000
1324562521,3.800000000000,36.270000000000
1324562522,3.800000000000,0.045423620000
1324562526,3.800000000000,1.000000000000
1324562526,3.800000000000,15.500000000000
1324562527,3.800000000000,0.500000000000
1324562527,3.800000000000,0.500000000000
1324562527,3.800000000000,1.000000000000
1324562530,3.798130000000,0.010094710000
1324562530,3.796300000000,0.486905290000
1324562532,3.800000000000,1.310131580000
1324562532,3.800000000000,15.500000000000
1324562533,3.800000000000,4.074939470000
1324562533,3.796300000000,4.453094710000
1324562533,3.796250000000,11.428307420000
1324562533,3.796000000000,1.000000000000
1324562533,3.795900000000,36.270000000000
1324562533,3.794900000000,11.270000000000
1324562533,3.794820000000,350.000000000000
1324562533,3.794690000000,3.377300000000
1324562533,3.794190000000,0.021299690000
1324562533,3.793230000000,0.010280000000
1324562533,3.793000000000,0.617610000000
1324562533,3.792600000000,0.319850500000
1324562534,3.792600000000,0.010146820000
1324562534,3.792600000000,0.020216980000
1324562534,3.791900000000,0.241890000000
1324562534,3.790000000000,2.000000000000
1324562534,3.786180000000,4.302350000000
1324562534,3.785250000000,0.672440000000
1324562534,3.782800000000,0.319938480000
1324562534,3.782800000000,0.010149110000
1324562534,3.782800000000,0.020222670000
1324562534,3.782780000000,0.380260000000
1324562534,3.782180000000,0.216790000000
1324562534,3.781910000000,0.058880000000
1324562534,3.781880000000,0.148670000000
1324562534,3.781710000000,0.021310280000
1324562534,3.780700000000,100.000000000000
1324562534,3.780000000000,25.000000000000
1324562534,3.780000000000,51.087300000000
1324562534,3.778220000000,1.807640000000
1324562534,3.777200000000,0.052630000000
1324562535,3.777000000000,20.650000000000
1324562535,3.775100000000,374.211423340000
1324562535,3.800000000000,1.000000000000
1324562536,3.800000000000,35.910000000000
1324562537,3.800000000000,1.000000000000
1324562537,3.800000000000,1.000000000000
1324562543,3.800000000000,1.000000000000
1324562543,3.800000000000,4.000000000000
1324562543,3.800000000000,0.500000000000
1324562543,3.800000000000,1.000000000000
1324562545,3.800000000000,45.215313290000
1324562545,3.800000000000,25.000000000000
1324562547,3.796350000000,15.000000000000
1324562547,3.775100000000,531.942115440000
1324562547,3.773000000000,0.320026460000
1324562547,3.773000000000,0.010149120000
1324562547,3.773000000000,0.020221080000
1324562547,3.773000000000,0.617610000000
1324562547,3.770000000000,8.097838190000
1324562547,3.770000000000,25.000000000000
1324562547,3.770000000000,5.000000000000
1324562547,3.769750000000,45.047564020000
1324562547,3.769740000000,40.405176240000
1324562547,3.769740000000,50.000000000000
1324562547,3.769230000000,0.020234790000
1324562547,3.767640000000,2.428300000000
1324562547,3.765820000000,1.000000000000
1324562547,3.765670000000,0.095910000000
1324562547,3.765670000000,0.111220000000
1324562547,3.763200000000,0.320100500000
1324562547,3.763200000000,0.010149430000
1324562548,3.763200000000,0.020220290000
1324562548,3.762100000000,18.000000000000
1324562548,3.760000000000,25.000000000000
1324562548,3.760000000000,105.000000000000
1324562548,3.760000000000,2.000000000000
1324562548,3.760000000000,1.012944140000
1324562548,3.760000000000,7.500000000000
1324562548,3.756750000000,0.020255310000
1324562548,3.756750000000,0.901035050000
1324562548,3.754420000000,0.022380000000
1324562548,3.753400000000,0.320190910000
1324562548,3.753400000000,0.010149040000
1324562548,3.753400000000,0.020217900000
1324562548,3.751010000000,114.725992090000
1324562550,3.800000000000,0.100000000000
1324562552,3.800000000000,15.500000000000
1324562552,3.800000000000,31.443078940000
1324562553,3.774100000000,0.010000000000
1324562553,3.800000000000,7.683847950000
1324562559,3.775120000000,47.960000000000
1324562559,3.764480000000,0.332810000000
1324562559,3.751010000000,85.274007910000
1324562559,3.751000000000,20.000000000000
1324562559,3.751000000000,29.525000000000
1324562559,3.750020000000,0.202000000000
1324562559,3.750010000000,1.000000000000
1324562559,3.750000000000,92.933300000000
1324562560,3.750000000000,50.000000000000
1324562560,3.750000000000,11.000000000000
1324562560,3.750000000000,25.000000000000
1324562560,3.750000000000,100.000000000000
1324562560,3.750000000000,2.052900000000
1324562560,3.750000000000,0.423301330000
1324562560,3.750000000000,1.000000000000
1324562560,3.750000000000,20.000000000000
1324562560,3.749000000000,10.000000000000
1324562560,3.748750000000,0.919410000000
1324562560,3.746730000000,0.384700000000
1324562560,3.746270000000,3.350000000000
1324562560,3.746040000000,0.194570000000
1324562560,3.744270000000,0.020249360000
1324562560,3.743600000000,0.010563840000
1324562560,3.743600000000,0.320265560000
1324562560,3.743600000000,0.020929830000
1324562560,3.743520000000,0.498000000000
1324562560,3.743410000000,0.114261060000
1324562560,3.743410000000,0.500000000000
1324562560,3.742000000000,1.040000000000
1324562561,3.741300000000,167.000000000000
1324562561,3.740250000000,0.161920000000
1324562561,3.740250000000,0.202060000000
1324562561,3.740000000000,3.016591250000
1324562561,3.740000000000,22.128227270000
1324562561,3.735090000000,0.011380000000
1324562561,3.735000000000,39.095000000000
1324562561,3.733880000000,0.249400000000
1324562561,3.733800000000,0.010570700000
1324562561,3.733800000000,0.320330820000
1324562561,3.733800000000,0.020941950000
1324562561,3.731800000000,0.536290000000
1324562561,3.731790000000,0.020247060000
1324562561,3.730870000000,10.050000000000
1324562561,3.730000000000,3.016591250000
1324562561,3.730000000000,50.000000000000
1324562561,3.729560000000,0.633090000000
1324562561,3.729090000000,1.099519230000
1324562561,3.724000000000,0.014497360000
1324562561,3.724000000000,0.322471180000
1324562561,3.724000000000,0.021833780000
1324562562,3.721300000000,197.992769260000
1324562570,3.769240000000,0.164343400000
1324562570,3.721300000000,125.007230740000
1324562570,3.720090000000,0.470940000000
1324562570,3.720000000000,10.000000000000
1324562570,3.720000000000,7.000000000000
1324562570,3.720000000000,2.000000000000
1324562570,3.720000000000,33.000000000000
1324562570,3.719310000000,0.020242310000
1324562570,3.717900000000,11.000000000000
1324562570,3.717700000000,10.000000000000
1324562570,3.714840000000,50.000000000000
1324562570,3.714840000000,2.000000000000
1324562570,3.714840000000,0.430000000000
1324562570,3.714840000000,1.000000000000
1324562570,3.714200000000,0.014507050000
1324562571,3.714200000000,0.322518890000
1324562571,3.714200000000,0.021873100000
1324562571,3.714000000000,40.000000000000
1324562571,3.713700000000,0.277800000000
1324562571,3.713700000000,0.038110000000
1324562571,3.713600000000,2.109100000000
1324562571,3.712000000000,5.000000000000
1324562571,3.711030000000,0.934150000000
1324562571,3.711000000000,218.000000000000
1324562571,3.710000000000,2.011060840000
1324562571,3.710000000000,22.547210240000
1324562571,3.710000000000,500.000000000000
1324562571,3.710000000000,30.000000000000
1324562571,3.710000000000,8.550008080000
1324562571,3.710000000000,1.080000000000
1324562571,3.706830000000,0.020249880000
1324562571,3.706500000000,0.029802820000
1324562571,3.704400000000,0.014518340000
1324562571,3.704400000000,0.322681330000
1324562571,3.704400000000,0.022173540000
1324562572,3.701000000000,916.591479440000
1324562577,3.749560000000,0.152500000000
1324562577,3.701000000000,83.408520560000
1324562577,3.700400000000,100.000000000000
1324562577,3.700020000000,0.202000000000
1324562577,3.700020000000,1.000000000000
1324562578,3.700010000000,0.020254070000
1324562578,3.700010000000,7.451721660000
1324562583,3.722300000000,36.270000000000
1324562583,3.721300000000,4.940000000000
1324562583,3.721300000000,11.270000000000
1324562583,3.700010000000,119.700557560000
1324562583,3.700000000000,20.000000000000
1324562583,3.700000000000,0.210978370000
1324562583,3.700000000000,10.000000000000
1324562583,3.700000000000,100.000000000000
1324562583,3.700000000000,1.000000000000
1324562583,3.700000000000,11.000000000000
1324562583,3.700000000000,5.000000000000
1324562583,3.700000000000,10.000000000000
1324562583,3.700000000000,106.000000000000
1324562583,3.700000000000,100.000000000000
1324562583,3.700000000000,40.540500000000
1324562583,3.700000000000,1.080000000000
1324562583,3.700000000000,1.000000000000
1324562583,3.700000000000,0.011000000000
1324562583,3.700000000000,20.110000000000
1324562584,3.700000000000,55.890000000000
1324562584,3.700000000000,11.882441280000
1324562587,3.700000000000,15.000000000000
1324562587,3.700000000000,0.100000000000
1324562589,3.699810000000,11.954703080000
1324562589,3.699800000000,0.441380000000
1324562589,3.699270000000,6.859480000000
1324562589,3.699130000000,1.466560000000
1324562589,3.694600000000,0.022198390000
1324562589,3.694600000000,0.322761960000
1324562590,3.694600000000,0.014528710000
1324562590,3.693330000000,0.500000000000
1324562590,3.692500000000,2.881210000000
1324562590,3.691000000000,24.221177860000
1324562590,3.700000000000,60.188672970000
1324562593,3.699990000000,12.237175380000
1324562594,3.700000000000,30.892824620000
1324562594,3.700000000000,1000.000000000000
1324562598,3.700000000000,1.000000000000
1324562598,3.700000000000,1.000000000000
1324562598,3.700000000000,3.900000000000
1324562601,3.699990000000,1.543276410000
1324562601,3.691000000000,48.456723590000
1324562601,3.700000000000,1.000000000000
1324562602,3.700000000000,1.000000000000
1324562602,3.700000000000,27.000000000000
1324562602,3.700000000000,1.000000000000
1324562603,3.700000000000,41.020000000000
1324562606,3.700000000000,1.000000000000
1324562606,3.700000000000,9.900000000000
1324562606,3.700000000000,1.000000000000
1324562606,3.700000000000,1.000000000000
1324562606,3.699990000000,0.500000000000
1324562607,3.695500000000,0.010094710000
1324562607,3.691100000000,0.022300000000
1324562607,3.691000000000,82.840690860000
1324562607,3.684800000000,0.322807930000
1324562607,3.684800000000,0.022218660000
1324562607,3.684800000000,0.014536370000
1324562607,3.683760000000,0.352300000000
1324562607,3.681860000000,0.020253430000
1324562607,3.680000000000,1.005530420000
1324562607,3.680000000000,10.000000000000
1324562607,3.676960000000,17.259050000000
1324562607,3.675000000000,0.322847370000
1324562607,3.675000000000,0.021933910000
1324562607,3.675000000000,0.014545440000
1324562607,3.670000000000,1.005530420000
1324562607,3.669380000000,0.020252790000
1324562607,3.668000000000,1.000000000000
1324562607,3.667860000000,34.722200000000
1324562607,3.667860000000,7.621475690000
1324562608,3.666120000000,9.645840000000
1324562608,3.665200000000,0.322870490000
1324562608,3.665200000000,0.021948130000
1324562608,3.665200000000,0.014553200000
1324562608,3.660000000000,1.005530420000
1324562608,3.660000000000,34.558013660000
1324562608,3.660000000000,1.090000000000
1324562608,3.660000000000,100.000000000000
1324562608,3.656900000000,0.020200000000
1324562608,3.655400000000,0.322944760000
1324562608,3.655400000000,0.014562380000
1324562608,3.655400000000,0.021968010000
1324562608,3.651600000000,0.628830000000
1324562608,3.650020000000,0.202000000000
1324562608,3.650000000000,1.005530420000
1324562608,3.650000000000,0.200000000000
1324562608,3.650000000000,50.000000000000
1324562608,3.650000000000,4.390000000000
1324562608,3.650000000000,400.000000000000
1324562608,3.650000000000,100.000000000000
1324562608,3.650000000000,11.000000000000
1324562609,3.650000000000,62.465800000000
1324562609,3.645600000000,0.021986880000
1324562609,3.645600000000,0.322974400000
1324562609,3.645600000000,0.014571050000
1324562609,3.644420000000,0.020314890000
1324562609,3.643340000000,0.015311920000
1324562609,3.642150000000,0.625660000000
1324562609,3.641750000000,0.929488790000
1324562609,3.640030000000,0.011000000000
1324562609,3.640000000000,1.005530420000
1324562609,3.640000000000,1.100000000000
1324562609,3.639900000000,8.271373830000
1324562609,3.638270000000,1.201090000000
1324562609,3.636770000000,0.131234000000
1324562609,3.636510000000,0.206400000000
1324562609,3.636510000000,0.235180000000
1324562609,3.635800000000,0.322891390000
1324562609,3.635800000000,0.022003130000
1324562609,3.635800000000,0.014578520000
1324562609,3.635500000000,0.315260000000
1324562609,3.633500000000,0.176700000000
1324562610,3.631940000000,0.020203230000
1324562610,3.631000000000,1.060000000000
1324562610,3.630000000000,1.005530420000
1324562610,3.630000000000,43.297000000000
1324562610,3.629650000000,2.396273680000
1324562610,3.629650000000,3.228283980000
1324562612,3.700000000000,0.500000000000
1324562613,3.700000000000,1.000000000000
1324562615,3.700000000000,2.000000000000
1324562615,3.700000000000,1.000000000000
1324562616,3.700000000000,1.000000000000
1324562617,3.700000000000,0.046194760000
1324562617,3.700000000000,1.000000000000
1324562618,3.700000000000,5.000000000000
1324562618,3.700000000000,1.000000000000
1324562621,3.700000000000,0.500000000000
1324562621,3.700000000000,46.550000000000
1324562621,3.700000000000,1.000000000000
1324562621,3.669680000000,0.049277180000
1324562621,3.639360000000,0.077607890000
1324562621,3.629650000000,6.771716020000
1324562622,3.627000000000,0.617800000000
1324562622,3.626000000000,0.014409360000
1324562622,3.626000000000,0.021999920000
1324562622,3.626000000000,0.322708530000
1324562622,3.625000000000,5.000000000000
1324562622,3.623340000000,1.000000000000
1324562622,3.623000000000,30.000000000000
1324562622,3.622480000000,0.154430000000
1324562622,3.620490000000,500.000000000000
1324562622,3.620000000000,1.005530420000
1324562622,3.619460000000,0.020214540000
1324562622,3.617700000000,0.092070000000
1324562622,3.617500000000,2.025790000000
1324562622,3.616820000000,0.658850000000
1324562622,3.616200000000,0.014587430000
1324562622,3.616200000000,0.322718030000
1324562622,3.616200000000,0.022012230000
1324562622,3.614820000000,79.050000000000
1324562623,3.611500000000,0.299290000000
1324562623,3.611500000000,0.373490000000
1324562623,3.611000000000,218.000000000000
1324562623,3.610020000000,1.000000000000
1324562623,3.610000000000,1.005530420000
1324562623,3.610000000000,30.000000000000
1324562623,3.610000000000,122.079968030000
1324562624,3.700000000000,13.513513510000
1324562624,3.700000000000,1.000000000000
1324562624,3.700000000000,62.983316930000
1324562626,3.733560000000,0.067408100000
1324562626,3.767120000000,0.073895260000
1324562626,3.770000000000,0.369617500000
1324562626,3.771840000000,0.122160000000
1324562626,3.780000000000,0.369576000000
1324562626,3.790000000000,0.369530400000
1324562626,3.800000000000,0.467482740000
1324562627,3.703700000000,1.000000000000
1324562627,3.700100000000,10.600000000000
1324562636,3.703700000000,1.000000000000
1324562636,3.703700000000,1.000000000000
1324562636,3.703700000000,1.000000000000
1324562636,3.703700000000,1.000000000000
1324562636,3.700100000000,23.406063850000
1324562647,3.703700000000,1.000000000000
1324562647,3.700100000000,13.993936150000
1324562647,3.700090000000,15.000000000000
1324562648,3.700000000000,0.450000000000
1324562648,3.700000000000,2.098310000000
1324562648,3.700000000000,2.098310000000
1324562648,3.700000000000,1.500000000000
1324562648,3.700000000000,0.500000000000
1324562648,3.700000000000,16.000000000000
1324562648,3.700000000000,26.071693670000
1324562648,3.700000000000,25.300000000000
1324562648,3.699990000000,0.023029710000
1324562648,3.664830000000,0.010094710000
1324562648,3.629660000000,0.954625760000
1324562649,3.700000000000,0.424059780000
1324562649,3.629660000000,0.074793410000
1324562649,3.620000000000,0.200000000000
1324562649,3.612350000000,0.164893870000
1324562649,3.610000000000,377.920031970000
1324562649,3.610000000000,1.200000000000
1324562649,3.610000000000,1.110000000000
1324562649,3.610000000000,5.217891960000
1324562649,3.608650000000,0.119910000000
1324562650,3.606980000000,0.020223430000
1324562650,3.606400000000,0.014595380000
1324562650,3.606400000000,0.322728780000
1324562650,3.606400000000,0.022031510000
1324562650,3.602600000000,0.023140000000
1324562650,3.601000000000,10.000000000000
1324562650,3.601000000000,603.165699910000
1324562654,3.649130000000,0.240820000000
1324562654,3.639560000000,0.059210000000
1324562654,3.613120000000,0.642380000000
1324562654,3.601000000000,105.185057200000
1324562659,3.700000000000,0.300000000000
1324562659,3.639560000000,0.186500000000
1324562659,3.620000000000,200.000000000000
1324562659,3.601000000000,291.649242890000
1324562659,3.600100000000,2.700000000000
1324562660,3.600020000000,0.202000000000
1324562660,3.600000000000,9.036479300000
1324562660,3.600000000000,10.300000000000
1324562660,3.600000000000,7.900000000000
1324562660,3.600000000000,50.000000000000
1324562660,3.600000000000,29.166700000000
1324562660,3.600000000000,10.000000000000
1324562660,3.600000000000,3.000000000000
1324562660,3.600000000000,23.090425000000
1324562660,3.600000000000,4.556288880000
1324562660,3.600000000000,0.011000000000
1324562660,3.600000000000,1.000000000000
1324562660,3.600000000000,5.000000000000
1324562660,3.600000000000,27.777777770000
1324562660,3.600000000000,2.830000000000
1324562660,3.600000000000,0.010100000000
1324562662,3.600000000000,0.376413530000
1324562665,3.600000000000,100.000000000000
1324562666,3.600000000000,0.376480940000
1324562668,3.600000000000,0.422000000000
1324562669,3.600000000000,0.376544300000
1324562671,3.600000000000,11.857635750000
1324562674,3.600000000000,0.369796600000
1324562676,3.600000000000,20.000000000000
1324562679,3.600000000000,1.149930000000
1324562679,3.600000000000,0.156040000000
1324562681,3.600000000000,66.120000000000
1324562681,3.600000000000,50.000000000000
1324562682,3.600000000000,1.000000000000
1324562683,3.600000000000,1.000000000000
1324562683,3.600000000000,1.000000000000
1324562684,3.600000000000,1.000000000000
1324562685,3.600000000000,1.000000000000
1324562685,3.600000000000,0.500000000000
1324562686,3.599250000000,0.276961080000
1324562686,3.598250000000,7.316200000000
1324562686,3.598050000000,0.588320000000
1324562686,3.597810000000,4.798663630000
1324562686,3.596600000000,0.322662000000
1324562686,3.596600000000,0.022047060000
1324562686,3.596600000000,0.014605540000
1324562686,3.594500000000,0.020223480000
1324562687,3.590020000000,1.000000000000
1324562687,3.590000000000,11.000000000000
1324562687,3.590000000000,1.110000000000
1324562687,3.587500000000,1.148320000000
1324562687,3.587040000000,0.029820000000
1324562687,3.586800000000,0.322672250000
1324562687,3.586800000000,0.022066940000
1324562687,3.586800000000,0.014618930000
1324562687,3.585170000000,0.017160000000
1324562687,3.582020000000,0.020221080000
1324562687,3.580000000000,35.854876190000
1324562687,3.600000000000,1.000000000000
1324562688,3.600000000000,6.286283330000
1324562688,3.600000000000,0.029500000000
1324562688,3.600000000000,0.100000000000
1324562689,3.600000000000,1.000000000000
1324562692,3.600000000000,1.000000000000
1324562693,3.599130000000,0.010094710000
1324562693,3.587570000000,0.077880000000
1324562693,3.580000000000,61.491523810000
1324562693,3.580000000000,1.120000000000
1324562693,3.580000000000,250.000000000000
1324562693,3.579130000000,1.092570000000
1324562693,3.579130000000,1.948030000000
1324562693,3.578720000000,0.135709400000
1324562693,3.578000000000,1.000000000000
1324562693,3.577000000000,0.322743050000
1324562693,3.577000000000,0.022085910000
1324562693,3.577000000000,0.014627080000
1324562693,3.574290000000,10.000000000000
1324562694,3.573000000000,300.000000000000
1324562694,3.572460000000,0.030970000000
1324562694,3.571400000000,0.788520000000
1324562694,3.569540000000,0.020219500000
1324562694,3.568900000000,21.857720000000
1324562694,3.567800000000,65.000000000000
1324562694,3.567200000000,0.022104090000
1324562694,3.567200000000,0.322722910000
1324562694,3.567200000000,0.014637750000
1324562694,3.566930000000,1.473370000000
1324562694,3.565970000000,100.000000000000
1324562694,3.565650000000,19.000000000000
1324562694,3.565560000000,0.049020000000
1324562694,3.564460000000,0.511580000000
1324562694,3.562200000000,3.000000000000
1324562694,3.560000000000,12.565000000000
1324562694,3.560000000000,59.550600000000
1324562694,3.557400000000,0.022130640000
1324562694,3.557400000000,0.322730330000
1324562694,3.557400000000,0.014652360000
1324562694,3.557300000000,0.361860000000
1324562695,3.557060000000,0.020217880000
1324562695,3.553460000000,0.337260000000
1324562695,3.553340000000,1.000000000000
1324562695,3.552000000000,86.479420580000
1324562695,3.600000000000,5.424818820000
1324562695,3.600000000000,1.000000000000
1324562696,3.600000000000,0.500000000000
1324562696,3.600000000000,2.100000000000
1324562696,3.600000000000,15.000000000000
1324562696,3.600000000000,0.094230000000
1324562697,3.600000000000,1.000000000000
1324562697,3.600000000000,1.000000000000
1324562698,3.600000000000,0.500000000000
1324562698,3.600000000000,0.368290000000
1324562698,3.600000000000,1.000000000000
1324562699,3.600000000000,0.294632000000
1324562700,3.600000000000,1.000000000000
1324562700,3.600000000000,21.928461110000
1324562700,3.600000000000,0.015410000000
1324562702,3.600000000000,0.368290000000
1324562704,3.600000000000,3.568729780000
1324562714,3.659390000000,1.000000000000
1324562715,3.650810000000,0.183610000000
1324562715,3.613500000000,2.055330000000
1324562715,3.601630000000,1.873200000000
1324562715,3.600000000000,8.523669950000
1324562720,3.670000000000,0.369556900000
1324562720,3.680000000000,0.369533400000
1324562720,3.690000000000,0.369522800000
1324562720,3.690000000000,0.021795200000
1324562720,3.700000000000,0.369526200000
1324562720,3.700000000000,0.021783000000
1324562720,3.700000000000,10.732881080000
1324562721,3.700000000000,0.047442000000
1324562727,3.607840000000,0.062040000000
1324562727,3.600000000000,0.302150050000
1324562733,3.630000000000,0.359652890000
1324562741,3.630000000000,0.009882010000
1324562741,3.640000000000,0.369540400000
1324562741,3.646360000000,0.023860000000
1324562741,3.650000000000,0.002691690000
1324562742,3.650000000000,0.366881410000
1324562742,3.660000000000,0.039135590000
1324562742,3.660000000000,0.330418610000
1324562742,3.686060000000,0.075628090000
1324562747,3.660000000000,0.021851200000
1324562750,3.660000000000,0.021869000000
1324562750,3.670000000000,0.021832400000
1324562750,3.680000000000,0.021817900000
1324562750,3.686060000000,0.956349700000
1324562752,3.660000000000,0.021886100000
1324562754,3.660010000000,0.021911500000
1324562757,3.660010000000,0.065060000000
1324562761,3.660000000000,0.014502900000
1324562787,3.669990000000,0.010000000000
1324562793,3.669990000000,0.076971500000
1324562793,3.670000000000,0.014489700000
1324562794,3.680000000000,0.014479700000
1324562794,3.690000000000,0.014471700000
1324562794,3.690000000000,30.000000000000
1324562794,3.690000000000,4.940000000000
1324562794,3.692720000000,0.043400000000
1324562794,3.693640000000,0.188340000000
1324562794,3.694300000000,0.024260000000
1324562794,3.699000000000,14.683587400000
1324562795,3.699000000000,21.586412600000
1324562795,3.700000000000,0.019676920000
1324562795,3.700000000000,0.014464800000
1324562795,3.700000000000,11.270000000000
1324562799,3.700000000000,6.000000000000
1324562799,3.700000000000,11.109445680000
1324562799,3.660110000000,0.022900000000
1324562799,3.660000000000,0.289445000000
1324562800,3.650100000000,0.047955360000
1324562800,3.650000000000,0.369573100000
1324562800,3.640000000000,0.369540400000
1324562801,3.630000000000,0.291625280000
1324562801,3.626000000000,0.022260930000
1324562801,3.626000000000,0.376951360000
1324562801,3.626000000000,0.014866070000
1324562801,3.616200000000,0.022274850000
1324562801,3.616200000000,0.376970960000
1324562801,3.606400000000,0.377004810000
1324562801,3.606400000000,0.022299390000
1324562801,3.600500000000,0.168200000000
1324562801,3.600100000000,5.000000000000
1324562801,3.600100000000,4.940000000000
1324562801,3.600000000000,34.535191660000
1324562801,3.600000000000,100.000000000000
1324562801,3.600000000000,0.500000000000
1324562802,3.600000000000,0.500000000000
1324562802,3.600000000000,25.000000000000
1324562802,3.600000000000,0.300000000000
1324562802,3.600000000000,0.500000000000
1324562802,3.600000000000,11.270000000000
1324562802,3.600000000000,36.270000000000
1324562802,3.596600000000,0.377090700000
1324562802,3.596600000000,0.022315620000
1324562802,3.595170000000,0.547727740000
1324562802,3.587490000000,0.036680000000
1324562802,3.586800000000,0.377111410000
1324562802,3.586800000000,0.022336210000
1324562802,3.577000000000,0.377114880000
1324562802,3.577000000000,0.022355790000
1324562802,3.569250000000,0.018150000000
1324562802,3.567200000000,0.377144600000
1324562802,3.567200000000,0.022376460000
1324562802,3.560000000000,161.378617970000
1324562802,3.557400000000,0.377162760000
1324562803,3.557400000000,0.022403740000
1324562803,3.552100000000,15.000000000000
1324562803,3.552000000000,67.927773080000
1324562803,3.551630000000,0.259700000000
1324562803,3.551000000000,0.181500000000
1324562803,3.550100000000,54.000000000000
1324562803,3.550020000000,0.202000000000
1324562803,3.550000000000,9.075971450000
1324562803,3.550000000000,17.997805630000
1324562803,3.550000000000,2.000000000000
1324562803,3.550000000000,315.000000000000
1324562803,3.550000000000,0.010205630000
1324562803,3.550000000000,2.500000000000
1324562803,3.550000000000,0.050000000000
1324562803,3.547600000000,0.014665190000
1324562803,3.547600000000,0.322191210000
1324562803,3.547600000000,0.022129910000
1324562803,3.547500000000,0.713940000000
1324562803,3.546800000000,1.792700000000
1324562803,3.544570000000,0.020216270000
1324562803,3.541120000000,0.053500000000
1324562803,3.540000000000,130.000000000000
1324562803,3.539000000000,2.000000000000
1324562803,3.538500000000,0.168700000000
1324562803,3.538500000000,0.058510000000
1324562804,3.538500000000,0.124190000000
1324562804,3.537800000000,0.014684830000
1324562807,3.537800000000,0.022168770000
1324562807,3.537800000000,0.322231890000
1324562807,3.536810000000,0.033740000000
1324562807,3.536350000000,0.025220000000
1324562807,3.536250000000,0.553750000000
1324562807,3.534540000000,16.975334840000
1324562807,3.533840000000,0.721400000000
1324562807,3.532970000000,4.726090000000
1324562807,3.532710000000,0.557412510000
1324562807,3.532090000000,0.020214670000
1324562807,3.531230000000,0.069440000000
1324562807,3.531000000000,3.221792690000
1324562807,3.531000000000,100.000000000000
1324562807,3.530710000000,1.000000000000
1324562807,3.530700000000,100.000000000000
1324562808,3.530000000000,100.000000000000
1324562808,3.530000000000,1.000000000000
1324562808,3.529900000000,2.000000000000
1324562808,3.528000000000,0.014702760000
1324562808,3.528000000000,0.022199760000
1324562808,3.528000000000,0.322241200000
1324562808,3.527760000000,0.032870000000
1324562808,3.527000000000,6.090880000000
1324562808,3.526250000000,1.897860000000
1324562808,3.524910000000,1.131058280000
1324562808,3.523110000000,50.000000000000
1324562808,3.523100000000,100.000000000000
1324562808,3.523000000000,1.000000000000
1324562808,3.523000000000,200.000000000000
1324562808,3.521000000000,50.000000000000
1324562808,3.520000000000,1.957857950000
1324562808,3.520000000000,350.000000000000
1324562808,3.520000000000,10.000000000000
1324562808,3.519900000000,2.000000000000
1324562808,3.519610000000,0.020213070000
1324562808,3.518200000000,0.014717660000
1324562808,3.518200000000,0.022229230000
1324562809,3.518200000000,0.433333390000
1324562809,3.515000000000,90.000000000000
1324562809,3.514810000000,2.000000000000
1324562809,3.514690000000,50.000000000000
1324562809,3.514000000000,8.000000000000
1324562809,3.512080000000,3.045000000000
1324562809,3.511110000000,1.000000000000
1324562809,3.511110000000,1.000000000000
1324562809,3.511000000000,218.000000000000
1324562809,3.510100000000,7.200000000000
1324562809,3.510000000000,6.493082560000
1324562809,3.510000000000,0.330000000000
1324562809,3.510000000000,20.000000000000
1324562809,3.510000000000,500.000000000000
1324562809,3.510000000000,210.000000000000
1324562809,3.510000000000,3.026344720000
1324562809,3.510000000000,1000.000000000000
1324562809,3.510000000000,10.000000000000
1324562809,3.509900000000,2.000000000000
1324562809,3.509000000000,931.882701400000
1324562814,3.509000000000,0.497000000000
1324562817,3.660000000000,0.770245200000
1324562817,3.701710000000,0.136580000000
1324562817,3.710000000000,0.369796600000
1324562817,3.710000000000,0.021787100000
1324562817,3.710000000000,0.014463000000
1324562817,3.720000000000,0.369789400000
1324562817,3.720000000000,0.021771900000
1324562817,3.720000000000,0.014455700000
1324562817,3.725760000000,4.666859630000
1324562821,3.720350000000,0.010000000000
1324562822,3.720350000000,0.126580000000
1324562822,3.720350000000,0.136580000000
1324562822,3.660000000000,0.200000000000
1324562826,3.660000000000,0.014511200000
1324562827,3.660000000000,0.014521700000
1324562828,3.660000000000,0.014536100000
1324562830,3.660000000000,0.726676200000
1324562830,3.660000000000,0.500000000000
1324562830,3.638740000000,0.151000000000
1324562831,3.623120000000,0.175260000000
1324562831,3.616860000000,0.074941670000
1324562831,3.616200000000,0.014873490000
1324562831,3.606400000000,0.014882060000
1324562831,3.600000000000,0.720042780000
1324562832,3.628820000000,11.600000000000
1324562833,3.628820000000,15.000000000000
1324562833,3.628820000000,0.376872360000
1324562838,3.628820000000,0.022225410000
1324562839,3.628820000000,0.376901700000
1324562840,3.628820000000,0.022242290000
1324562850,3.614370000000,0.010000000000
1324562857,3.620000000000,0.014849140000
1324562860,3.620000000000,0.014857000000
1324562860,3.614370000000,0.096510000000
1324562861,3.610000000000,0.272905200000
1324562861,3.620000000000,0.156849600000
1324562864,3.620000000000,0.182874860000
1324562864,3.628800000000,0.547405360000
1324562866,3.607690000000,0.075290000000
1324562866,3.600000000000,0.294121600000
1324562869,3.600000000000,15.985835620000
1324562871,3.599680000000,0.212030000000
1324562871,3.596600000000,0.014892130000
1324562871,3.590620000000,0.202464570000
1324562875,3.600000000000,0.216630000000
1324562875,3.590620000000,0.022027100000
1324562876,3.600000000000,0.289579190000
1324562877,3.600000000000,15.000000000000
1324562878,3.600000000000,0.293432270000
1324562878,3.600000000000,0.152291660000
1324562881,3.600000000000,0.160000000000
1324562885,3.600000000000,0.186770000000
1324562890,3.600000000000,0.049244830000
1324562898,3.600000000000,39.000000000000
1324562903,3.600000000000,0.050710810000
1324562917,3.600000000000,5.000000000000
1324562918,3.595310000000,0.014600900000
1324562919,3.600000000000,0.354581460000
1324562923,3.600000000000,10.100000000000
1324562925,3.600000000000,1.500000000000
1324562928,3.600000000000,0.500000000000
1324562936,3.600000000000,5.000000000000
1324562937,3.600000000000,5.000000000000
1324562948,3.600000000000,6.198030260000
1324562949,3.600000000000,5.000000000000
1324562971,3.600000000000,119.597000000000
1324562973,3.600000000000,0.165700000000
1324562973,3.600000000000,43.659723900000
1324562974,3.599990000000,40.705730510000
1324562974,3.600000000000,226.540470000000
1324562975,3.600000000000,0.021998900000
1324562975,3.600000000000,0.014586200000
1324562975,3.600000000000,6.356374090000
1324562980,3.600000000000,1.379000000000
1324563008,3.610000000000,0.021969100000
1324563008,3.610000000000,0.014568500000
1324563008,3.620000000000,0.021934200000
1324563008,3.620000000000,0.014549100000
1324563008,3.630000000000,0.322648600000
1324563018,3.629990000000,11.136840000000
1324563018,3.630000000000,0.050835400000
1324563018,3.630000000000,0.007930800000
1324563027,3.629990000000,11.600000000000
1324563031,3.629990000000,5.660000000000
1324563034,3.630000000000,0.014254700000
1324563034,3.640000000000,0.373480900000
1324563034,3.640000000000,0.022159400000
1324563035,3.646360000000,0.028630000000
1324563035,3.650000000000,10.800000000000
1324563035,3.650000000000,0.373466400000
1324563035,3.650000000000,0.022139800000
1324563035,3.650000000000,11.270000000000
1324563035,3.650860000000,0.065060000000
1324563035,3.655520000000,0.036698180000
1324563035,3.659000000000,29.068110620000
1324563070,3.650250000000,0.058260000000
1324563070,3.656700000000,0.096750000000
1324563072,3.656700000000,0.048278710000
1324563081,3.658990000000,0.864872980000
1324563081,3.659990000000,1.123000000000
1324563081,3.660000000000,0.373477900000
1324563081,3.660000000000,0.022121400000
1324563082,3.660000000000,22.616527720000
1324563097,3.660000000000,100.000000000000
1324563103,3.660000000000,39.878158460000
1324563104,3.660000000000,2.000000000000
1324563109,3.660000000000,1.190003730000
1324563109,3.660380000000,0.077130000000
1324563109,3.663350000000,0.386430000000
1324563109,3.669400000000,0.408630000000
1324563109,3.670000000000,0.373472300000
1324563109,3.670000000000,0.022101900000
1324563109,3.670000000000,0.014774600000
1324563109,3.672000000000,0.130000000000
1324563109,3.680000000000,0.373466100000
1324563109,3.680000000000,0.022086700000
1324563109,3.680000000000,0.014764600000
1324563109,3.683720000000,0.026230000000
1324563110,3.685640000000,1.243490000000
1324563110,3.688220000000,0.012490000000
1324563110,3.690000000000,0.373460300000
1324563110,3.690000000000,0.022068700000
1324563110,3.690000000000,0.014756600000
1324563110,3.690990000000,0.069920000000
1324563110,3.692720000000,0.052070000000
1324563110,3.693640000000,0.188340000000
1324563110,3.694300000000,0.011670000000
1324563110,3.695030000000,1.471400000000
1324563110,3.700000000000,0.373455800000
1324563110,3.700000000000,0.022055800000
1324563110,3.700000000000,2.105732870000
1324563117,3.693600000000,1.000000000000
1324563126,3.693600000000,3.940000000000
1324563126,3.700000000000,14.494267130000
1324563126,3.700000000000,0.014749300000
1324563126,3.700000000000,6.550983570000
1324563128,3.656700000000,24.796711290000
1324563128,3.640200000000,15.000000000000
1324563128,3.640000000000,0.379424290000
1324563128,3.630000000000,39.900000000000
1324563128,3.630000000000,14.931100000000
1324563128,3.626000000000,0.377220640000
1324563129,3.626000000000,0.022278140000
1324563129,3.616200000000,0.014875570000
1324563129,3.616200000000,0.377240370000
1324563129,3.610000000000,50.000000000000
1324563129,3.610000000000,293.941149700000
1324563133,3.700000000000,4.940000000000
1324563139,3.700000000000,1.979245460000
1324563154,3.690000000000,0.373505300000
1324563154,3.698400000000,2.500000000000
1324563154,3.700000000000,0.373500600000
1324563154,3.700000000000,4.940000000000
1324563154,3.700000000000,11.270000000000
1324563154,3.700250000000,0.010000000000
1324563154,3.700500000000,0.138180000000
1324563154,3.700500000000,0.227100000000
1324563154,3.701710000000,0.136580000000
1324563154,3.710000000000,0.031134100000
1324563157,3.660000000000,0.010000000000
1324563194,3.690610000000,0.020700000000
1324563194,3.699900000000,0.047592290000
1324563198,3.699900000000,4.940000000000
1324563198,3.699900000000,11.270000000000
1324563201,3.699900000000,0.014757600000
1324563207,3.699990000000,0.128000000000
1324563209,3.699990000000,39.590645830000
1324563209,3.700000000000,0.010804580000
1324563209,3.700000000000,0.022057600000
1324563209,3.700000000000,6.642206200000
1324563243,3.700310000000,0.191430000000
1324563253,3.700310000000,0.183890000000
1324563276,3.700310000000,2.624680000000
1324563276,3.700000000000,0.272320000000
1324563290,3.702140000000,0.050840000000
1324563290,3.709160000000,0.214460000000
1324563290,3.710000000000,0.342313000000
1324563290,3.710000000000,0.022038300000
1324563290,3.710000000000,0.014740500000
1324563290,3.711050000000,0.015135520000
1324563290,3.711560000000,0.048760000000
1324563290,3.712780000000,2.037560000000
1324563290,3.713410000000,0.194180000000
1324563290,3.715500000000,0.014870000000
1324563290,3.717030000000,0.033360000000
1324563290,3.718760000000,3.679950000000
1324563291,3.718760000000,5.660000000000
1324563291,3.720000000000,0.373433000000
1324563292,3.720000000000,0.022022500000
1324563292,3.720000000000,0.014732800000
1324563292,3.722220000000,0.037870000000
1324563292,3.723210000000,0.054130000000
1324563292,3.723640000000,0.111390000000
1324563292,3.724300000000,0.014010000000
1324563292,3.724330000000,0.018180000000
1324563292,3.730000000000,0.369772800000
1324563292,3.730000000000,0.021754100000
1324563292,3.730000000000,0.014447200000
1324563292,3.731710000000,0.093890000000
1324563292,3.733740000000,0.259810000000
1324563292,3.738800000000,1.394520000000
1324563292,3.738800000000,4.940000000000
1324563292,3.738970000000,2.897000000000
1324563292,3.739000000000,27.617654450000
1324563309,3.700410000000,6.897000000000
1324563319,3.720760000000,0.191900000000
1324563319,3.739000000000,8.652345550000
1324563330,3.739000000000,0.500000000000
1324563333,3.739000000000,4.940000000000
1324563336,3.739600000000,0.020000000000
1324563347,3.739000000000,1.000000000000
1324563386,3.739100000000,1.000000000000
1324563397,3.729000000000,8.897000000000
1324563405,3.739390000000,0.022762600000
1324563405,3.739660000000,0.818179130000
1324563405,3.739670000000,6.431820000000
1324563405,3.739900000000,11.270000000000
1324563405,3.739970000000,14.123000000000
1324563406,3.740000000000,0.369750500000
1324563406,3.740000000000,0.021738000000
1324563406,3.740000000000,0.014438200000
1324563406,3.740000000000,40.535855570000
1324563406,3.740000000000,0.175639800000
1324563406,3.740000000000,4.541416200000
1324563464,3.739200000000,0.010000000000
1324563465,3.740000000000,15.458583800000
1324563465,3.740000000000,6.887416930000
1324563466,3.740000000000,4.940000000000
1324563466,3.741620000000,0.561610000000
1324563466,3.742500000000,11.270000000000
1324563466,3.742540000000,0.011171550000
1324563530,3.742540000000,2.674700000000
1324563567,3.742540000000,0.378548450000
1324563606,3.742880000000,0.026720000000
1324563635,3.742880000000,1.973280000000
1324563635,3.742540000000,8.026720000000
1324563656,3.742980000000,5.700000000000
1324563676,3.743000000000,10.000000000000
1324563687,3.746050000000,0.074900000000
1324563687,3.746370000000,0.943380000000
1324563687,3.747960000000,4.900000000000
1324563688,3.748600000000,4.940000000000
1324563688,3.748640000000,4.077440000000
1324563688,3.748960000000,0.371679410000
1324563688,3.749000000000,0.699874630000
1324563762,3.742640000000,0.010000000000
1324563762,3.742640000000,14.990000000000
1324563762,3.742540000000,0.010000000000
1324563775,3.742900000000,1.380000000000
1324563782,3.742640000000,36.516000000000
1324563784,3.742640000000,15.000000000000
1324563786,3.742640000000,1.316000000000
1324563831,3.742640000000,12.168000000000
1324563831,3.742640000000,2.832000000000
1324563849,3.742540000000,1.584731550000
1324563852,3.742540000000,6.415268450000
1324563852,3.742600000000,27.640000000000
1324563852,3.742640000000,1.030731550000
1324563883,3.742640000000,21.316000000000
1324563885,3.742640000000,15.000000000000
1324563903,3.742640000000,20.000000000000
1324563907,3.742640000000,4.821268450000
1324563907,3.742640000000,8.630000000000
1324563907,3.742640000000,11.370000000000
1324563907,3.742640000000,5.178731550000
1324563919,3.742640000000,19.899999990000
1324563943,3.743000000000,0.020000000000
1324563943,3.743000000000,1.020000000000
1324563944,3.743000000000,0.020000000000
1324563947,3.743000000000,13.940000000000
1324563947,3.749900000000,0.046825340000
1324563947,3.750000000000,6.033174660000
1324563960,3.742640000000,20.000000000000
1324564016,3.750000000000,4.766825340000
1324564016,3.750000000000,0.369753200000
1324564016,3.750000000000,0.021725700000
1324564016,3.750000000000,0.014430600000
1324564016,3.750000000000,14.827265160000
1324564019,3.742640000000,3.220000000000
1324564027,3.742640000000,16.880000010000
1324564027,3.740000000000,2.000000000000
1324564027,3.736000000000,2.500000000000
1324564027,3.736000000000,5.000000000000
1324564027,3.730000000000,3.000000000000
1324564027,3.711000000000,36.270000000000
1324564027,3.710000000000,2.466862530000
1324564027,3.710000000000,0.170000000000
1324564027,3.709000000000,11.848948500000
1324564027,3.707630000000,0.169270000000
1324564027,3.706000000000,10.000000000000
1324564027,3.703080000000,0.053522470000
1324564027,3.701020000000,9.641396490000
1324564038,3.742740000000,0.150000000000
1324564108,3.742740000000,15.000000000000
1324564123,3.740000000000,15.000000000000
1324564144,3.740000000000,3.810000000000
1324564149,3.739390000000,44.093146260000
1324564158,3.739390000000,1.090000000000
1324564170,3.739990000000,1.000000000000
1324564170,3.740000000000,14.000000000000
1324564184,3.739390000000,14.930000000000
1324564201,3.739390000000,8.612472300000
1324564233,3.739490000000,1.965527880000
1324564245,3.739490000000,13.034472120000
1324564246,3.739390000000,16.965527880000
1324564270,3.740000000000,17.190000000000
1324564270,3.749000000000,36.270000000000
1324564270,3.750000000000,46.540000000000
1324564274,3.739490000000,15.000000000000
1324564274,3.739390000000,5.550000000000
1324564276,3.750000000000,3.810000000000
1324564487,3.739590000000,15.000000000000
1324564572,3.739490000000,15.000000000000
1324564572,3.739390000000,27.470453560000
1324564621,3.739590000000,1.051963220000
1324564667,3.746880000000,26.700000000000
1324564674,3.739490000000,15.000000000000
1324564687,3.739390000000,12.000000000000
1324564710,3.746700000000,11.270000000000
1324564710,3.746700000000,15.430000000000
1324564713,3.739490000000,3.000000000000
1324564754,3.746780000000,10.000000000000
1324564958,3.746500000000,36.270000000000
1324564959,3.746500000000,0.170000000000
1324564963,3.746500000000,3.000000000000
1324564979,3.739790000000,3.000000000000
1324564993,3.739790000000,3.000000000000
1324565011,3.739790000000,0.047200000000
1324565019,3.746500000000,1.490326070000
1324565019,3.749880000000,33.509673930000
1324565037,3.739890000000,11.000000000000
1324565057,3.739890000000,4.000000000000
1324565082,3.739390000000,3.000000000000
1324565083,3.739790000000,15.000000000000
1324565171,3.708750000000,10.000000000000
1324565299,3.709000000000,0.462339910000
1324565303,3.709000000000,1.040000000000
1324565415,3.709100000000,15.000000000000
1324565415,3.709000000000,23.497660090000
1324565417,3.709000000000,15.000000000000
1324565460,3.709000000000,2.000000000000
1324565467,3.709000000000,15.000000000000
1324565506,3.708650000000,0.095730000000
1324565506,3.704450000000,0.054462970000
1324565506,3.701020000000,2.701803610000
1324565506,3.700790000000,0.038190000000
1324565506,3.700100000000,0.046383710000
1324565507,3.700100000000,3.063429710000
1324565519,3.709000000000,15.000000000000
1324565538,3.700030000000,0.988000000000
1324565571,3.700230000000,2.780000000000
1324565638,3.709000000000,57.022957670000
1324565641,3.700330000000,0.021900000000
1324565661,3.700330000000,13.598100000000
1324565683,3.701330000000,0.460000000000
1324565683,3.700330000000,0.200000000000
1324565720,3.709000000000,19.000000000000
1324565763,3.709000000000,26.000000000000
1324565802,3.709000000000,0.479382240000
1324566022,3.733300000000,8.000000000000
1324566046,3.733300000000,6.017609080000
1324566103,3.733300000000,0.982390920000
1324566103,3.733440000000,0.269810000000
1324566103,3.737000000000,1.178623880000
1324566160,3.737000000000,3.821376120000
1324566160,3.737000000000,2.000000000000
1324566160,3.739770000000,4.178623880000
1324566193,3.736970000000,1.000000000000
1324566204,3.730100000000,7.350000000000
1324566228,3.739770000000,1.721376120000
1324566282,3.739770000000,5.000000000000
1324566285,3.739770000000,0.500000000000
1324566287,3.739770000000,0.275783340000
1324566288,3.739770000000,5.000000000000
1324566290,3.744970000000,0.925060530000
1324566290,3.744970000000,1.974939470000
1324566290,3.745560000000,0.150420000000
1324566290,3.747220000000,0.024240000000
1324566290,3.747970000000,1.893875880000
1324566292,3.739770000000,15.000000000000
1324566292,3.739770000000,15.000000000000
1324566292,3.739770000000,5.000000000000
1324566293,3.747970000000,0.006124120000
1324566293,3.748970000000,0.950400530000
1324566294,3.739770000000,5.982040540000
1324566294,3.739770000000,0.250000000000
1324566296,3.730200000000,0.300000000000
1324566304,3.730200000000,0.189700000000
1324566304,3.730200000000,9.900000000000
1324566305,3.730200000000,4.610300000000
1324566305,3.710000000000,0.040000000000
1324566305,3.706770000000,0.189700000000
1324566305,3.701580000000,0.052467930000
1324566305,3.700050000000,9.900000000000
1324566305,3.700040000000,25.955815870000
1324566305,3.700040000000,8.318640120000
1324566540,3.739650000000,7.900000000000
1324566541,3.739670000000,12.100000000000
1324566552,3.730500000000,0.018900000000
1324566555,3.739670000000,2.000000000000
1324566558,3.739670000000,0.900000000000
1324566564,3.739670000000,3.000000000000
1324566616,3.739770000000,0.500000000000
1324566616,3.739770000000,0.500000000000
1324566705,3.739770000000,1.000000000000
1324566711,3.739790000000,15.000000000000
1324566760,3.739790000000,10.700000000000
1324566767,3.739870000000,2.993000000000
1324566820,3.740000000000,6.404657750000
1324566823,3.739970000000,0.100000000000
1324566836,3.740000000000,0.099700530000
1324566901,3.740000000000,15.000000000000
1324566902,3.740000000000,2.985935820000
1324566906,3.740000000000,0.020000000000
1324566950,3.740000000000,0.489705900000
1324567019,3.739770000000,10.000000000000
1324567021,3.741070000000,0.000299470000
1324567026,3.741070000000,0.377747320000
1324567026,3.741080000000,0.193010000000
1324567026,3.748000000000,5.000000000000
1324567026,3.748970000000,1.949599470000
1324567026,3.749900000000,0.046078280000
1324567026,3.749990000000,2.380635680000
1324567053,3.739870000000,3.000000000000
1324567058,3.749990000000,0.052929250000
1324567059,3.749990000000,0.043413360000
1324567059,3.750000000000,2.886578660000
1324567106,3.750000000000,25.269456180000
1324567106,3.750000000000,0.292850000000
1324567159,3.750100000000,1.030000000000
1324567183,3.750660000000,0.059780000000
1324567241,3.750000000000,5.000000000000
1324567242,3.750950000000,0.556920000000
1324567242,3.751860000000,0.063180000000
1324567242,3.752120000000,0.043611530000
1324567242,3.753970000000,0.182190000000
1324567242,3.756840000000,0.266820000000
1324567242,3.757540000000,0.022166200000
1324567242,3.757770000000,0.035320000000
1324567242,3.760000000000,0.369727000000
1324567242,3.760000000000,0.022008600000
1324567242,3.760000000000,0.014421700000
1324567242,3.760000000000,3.397497340000
1324567269,3.760000000000,2.000000000000
1324567273,3.751400000000,0.100000000000
1324567278,3.751400000000,0.100000000000
1324567278,3.751400000000,0.100000000000
1324567278,3.760000000000,3.800000000000
1324567306,3.760000000000,0.802502660000
1324567306,3.760000000000,0.010000000000
1324567306,3.760000000000,1.187497340000
1324567341,3.751050000000,5.000000000000
1324567345,3.760000000000,0.070007980000
1324567346,3.760000000000,0.026137630000
1324567347,3.760000000000,0.716357050000
1324567347,3.761880000000,0.019270000000
1324567347,3.762710000000,0.040380000000
1324567347,3.762990000000,0.100420000000
1324567347,3.764120000000,0.156570000000
1324567347,3.764430000000,0.014790000000
1324567347,3.765000000000,3.823806100000
1324567364,3.760000000000,0.500000000000
1324567364,3.760000000000,0.863456400000
1324567367,3.760000000000,1.636543600000
1324567367,3.751100000000,5.434000000000
1324567367,3.751050000000,10.000000000000
1324567367,3.750950000000,2.000000000000
1324567367,3.750000000000,280.929456400000
1324567380,3.762500000000,0.010000000000
1324567380,3.765000000000,23.176193900000
1324567380,3.765300000000,4.208980000000
1324567380,3.766600000000,3.341326100000
1324567398,3.766600000000,16.658673900000
1324567398,3.767440000000,0.059470000000
1324567398,3.769000000000,0.010000000000
1324567398,3.770000000000,0.014413400000
1324567398,3.770000000000,0.021989400000
1324567398,3.770000000000,0.372931300000
1324567398,3.770000000000,2.000000000000
1324567398,3.770000000000,1.000000000000
1324567406,3.770000000000,20.000000000000
1324567411,3.770000000000,0.500000000000
1324567417,3.770000000000,0.021768600000
1324567417,3.770000000000,0.430000000000
1324567420,3.770000000000,1.000000000000
1324567420,3.770000000000,10.000000000000
1324567424,3.770000000000,0.128406850000
1324567424,3.770000000000,0.371593150000
1324567429,3.770100000000,3.000000000000
1324567435,3.770620000000,0.121840000000
1324567435,3.771000000000,0.040460000000
1324567435,3.771270000000,2.561820000000
1324567435,3.771350000000,0.013270000000
1324567435,3.771540000000,0.285590000000
1324567435,3.776400000000,1.202800000000
1324567435,3.776440000000,0.029630000000
1324567435,3.778810000000,4.253510000000
1324567435,3.780000000000,0.014403200000
1324567435,3.780000000000,0.021968400000
1324567435,3.780000000000,0.372896300000
1324567435,3.780000000000,0.906870370000
1324567439,3.770100000000,0.364516130000
1324567446,3.779900000000,11.000000000000
1324567501,3.770100000000,5.434000000000
1324567501,3.770100000000,15.000000000000
1324567501,3.770000000000,197.539160250000
1324567501,3.752050000000,0.900000000000
1324567501,3.750000000000,181.126839750000
1324567506,3.778000000000,0.089300000000
1324567745,3.778000000000,0.089800000000
1324567775,3.770400000000,15.000000000000
1324567776,3.770200000000,5.000000000000
1324567841,3.770300000000,15.000000000000
1324567850,3.770000000000,5.434000000000
1324567854,3.770000000000,6.566000000000
1324567862,3.770300000000,4.692999990000
1324567886,3.770300000000,1.700000000000
1324567915,3.770400000000,15.000000000000
1324567931,3.770290000000,5.434000000000
1324567953,3.770290000000,12.360899620000
1324567953,3.770390000000,2.639100380000
1324567957,3.770400000000,7.940000000000
1324567957,3.778000000000,18.820900000000
1324567957,3.779900000000,27.972267140000
1324567957,3.782120000000,0.582380000000
1324567957,3.785440000000,0.081030000000
1324567957,3.786320000000,0.010060000000
1324567957,3.786490000000,0.031400000000
1324567957,3.787000000000,4.000000000000
1324567957,3.787290000000,0.416620000000
1324567957,3.787500000000,4.000000000000
1324567957,3.788400000000,40.000000000000
1324567957,3.788600000000,0.053940000000
1324567957,3.788800000000,20.000000000000
1324567957,3.789000000000,3.348402860000
1324567966,3.789000000000,0.188087620000
1324567983,3.789000000000,0.084300000000
1324568083,3.780000000000,5.434000000000
1324568097,3.780000000000,13.822724860000
1324568097,3.780000000000,15.000000000000
1324568105,3.780000000000,1.000000000000
1324568150,3.780000000000,0.177275140000
1324568227,3.780100000000,0.087300000000
1324568270,3.780000000000,20.000000000000
1324568303,3.780000000000,23.058866500000
1324568303,3.780100000000,6.941133500000
1324568326,3.757200000000,15.000000000000
1324568326,3.757100000000,5.434000000000
1324568340,3.757100000000,6.999789370000
1324568393,3.757100000000,4.900000000000
1324568393,3.757100000000,15.000000000000
1324568417,3.757100000000,26.000000000000
1324568444,3.757100000000,15.000000000000
1324568459,3.757100000000,10.178152220000
1324568461,3.757100000000,0.094900000000
1324568484,3.757100000000,15.000000000000
1324568497,3.757100000000,113.826947780000
1324568497,3.787970000000,4.885300000000
1324568497,3.788000000000,5.000000000000
1324568497,3.789000000000,11.287752220000
1324568506,3.757000000000,6.632491100000
1324568506,3.750000000000,3.381397670000
1324568506,3.750000000000,25.000000000000
1324568506,3.744270000000,19.986111230000
1324568568,3.780000000000,3.710000000000
1324568605,3.776600000000,0.121130000000
1324568627,3.780000000000,46.290000000000
1324568627,3.780000000000,5.000000000000
1324568630,3.783780000000,1.000000000000
1324568630,3.780090000000,15.000000000000
1324568630,3.780000000000,1.317063490000
1324568630,3.780000000000,1.587936510000
1324568630,3.780000000000,2.387425920000
1324568633,3.769800000000,1.000000000000
1324568640,3.769740000000,0.173412250000
1324568646,3.769740000000,1.544101350000
1324568679,3.760000000000,1.285898650000
1324568680,3.780090000000,10.000000000000
1324568706,3.780500000000,0.086700000000
1324568706,3.780090000000,3.714101350000
1324568723,3.779990000000,15.000000000000
1324568756,3.779990000000,1.000000000000
1324568770,3.779990000000,0.436629230000
1324568811,3.780190000000,2.500000000000
1324568828,3.780290000000,15.000000000000
1324568862,3.780000000000,5.000000000000
1324568862,3.780000000000,4.692999990000
1324568862,3.780180000000,3.000000000000
1324568862,3.784260000000,0.187520000000
1324568918,3.784260000000,10.000000000000
1324568939,3.787000000000,0.082800000000
1324568975,3.784360000000,15.000000000000
1324569053,3.784460000000,15.000000000000
1324569061,3.780000000000,15.000000000000
1324569110,3.780000000000,1.000000000000
1324569176,3.755700000000,0.109000000000
1324569178,3.780000000000,0.085000000000
1324569184,3.780000000000,2.915000000000
1324569228,3.787000000000,0.010000000000
1324569283,3.787000000000,15.341431670000
1324569303,3.789000000000,6.000000000000
1324569320,3.789000000000,3.000000000000
1324569341,3.789000000000,23.882300000000
1324569375,3.789000000000,0.200000000000
1324569421,3.789000000000,0.081700000000
