1325780145,6.169700000000,6.000000000000
1325780154,6.169700000000,0.059893960000
1325780154,6.169700000000,0.844371500000
1325780161,6.169700000000,0.999000000000
1325780161,6.169700000000,1.000000000000
1325780161,6.169700000000,0.077618430000
1325780161,6.120740000000,0.020810000000
1325780161,6.111920000000,0.901571570000
1325780163,6.111920000000,5.000000000000
1325780178,6.169700000000,0.010800000000
1325780189,6.169700000000,0.010000000000
1325780231,6.150100000000,0.021700000000
1325780231,6.150020000000,0.978300000000
1325780241,6.169490000000,6.000000000000
1325780241,6.169700000000,1.049200000000
1325780241,6.176860000000,0.019970000000
1325780242,6.181490000000,0.527425710000
1325780242,6.185510000000,6.495303560000
1325780242,6.186540000000,0.375030000000
1325780242,6.192720000000,0.016470000000
1325780242,6.194370000000,0.013000000000
1325780286,6.200000000000,3.503600730000
1325780286,6.169600000000,2.496399270000
1325780333,6.169600000000,0.200000000000
1325780352,6.169600000000,0.123600730000
1325780352,6.151690000000,1.680613700000
1325780352,6.147900000000,1.818685000000
1325780352,6.136830000000,1.000000000000
1325780352,6.121000000000,4.837102570000
1325780378,6.140000000000,1.577000000000
1325780425,6.146110000000,1.838836720000
1325780425,6.140020000000,23.960000000000
1325780425,6.140000000000,4.201163280000
1325780497,6.150000000000,1.000000000000
1325780506,6.185620000000,0.843000000000
1325780589,6.150000000000,1.000071160000
1325780623,6.180000000000,30.890000000000
1325780623,6.185620000000,1.065735530000
1325780623,6.189700000000,6.000000000000
1325780623,6.189900000000,42.423829820000
1325780623,6.189900000000,4.474052300000
1325780623,6.194960000000,0.700929600000
1325780623,6.200000000000,6.261980140000
1325780630,6.179900000000,6.000000000000
1325780631,6.200000000000,3.692019860000
1325780631,6.201040000000,0.351330000000
1325780631,6.202750000000,0.010290000000
1325780631,6.204790000000,0.030560000000
1325780631,6.205070000000,4.050170000000
1325780631,6.207570000000,0.100000000000
1325780631,6.209190000000,0.013340000000
1325780631,6.210000000000,1.000000000000
1325780631,6.211610000000,0.045280000000
1325780631,6.216700000000,0.010160000000
1325780631,6.220740000000,0.262020000000
1325780631,6.223270000000,4.225610000000
1325780631,6.224190000000,0.069670000000
1325780631,6.228590000000,0.017260000000
1325780631,6.229430000000,0.223064030000
1325780631,6.229900000000,0.030210240000
1325780631,6.230000000000,0.050000000000
1325780631,6.239920000000,0.764275770000
1325780631,6.240000000000,2.000000000000
1325780631,6.240000000000,0.010495600000
1325780632,6.240000000000,0.010120100000
1325780632,6.240000000000,0.101548300000
1325780632,6.240100000000,7.000000000000
1325780632,6.242120000000,0.096930000000
1325780632,6.243790000000,0.017500000000
1325780632,6.245000000000,5.756870420000
1325780632,6.246690000000,0.044930000000
1325780632,6.247100000000,10.988170000000
1325780632,6.247900000000,1.000000000000
1325780632,6.248000000000,2.028175680000
1325780637,6.232850000000,2.750145640000
1325780637,6.248000000000,47.249854360000
1325780674,6.165910000000,1.000000000000
1325780679,6.179900000000,6.000000000000
1325780679,6.204220000000,0.012590000000
1325780679,6.231330000000,0.016220000000
1325780681,6.232850000000,65.000000000000
1325780684,6.232850000000,28.971190000000
1325780684,6.165910000000,1.702830560000
1325780684,6.150900000000,0.536886280000
1325780685,6.150100000000,7.000000000000
1325780685,6.150000000000,58.840016260000
1325780685,6.150000000000,4.924000000000
1325780688,6.150000000000,3.239716840000
1325780739,6.144080000000,1.803624870000
1325780746,6.144080000000,0.033988810000
1325780753,6.144080000000,1.762386320000
1325780753,6.149900000000,6.000000000000
1325780753,6.150000000000,87.237613680000
1325780761,6.150000000000,7.547746380000
1325780763,6.150000000000,1.860000000000
1325780793,6.149900000000,6.000000000000
1325780793,6.182550000000,1.447144490000
1325780793,6.185150000000,2.170881230000
1325780793,6.186080000000,0.432869970000
1325780793,6.200000000000,1.000000000000
1325780793,6.200000000000,1.000000000000
1325780793,6.200850000000,2.170881230000
1325780793,6.201040000000,0.351330000000
1325780793,6.205150000000,2.170881230000
1325780793,6.211150000000,2.170881230000
1325780793,6.221220000000,0.948922580000
1325780793,6.232850000000,0.311702290000
1325780793,6.232940000000,4.140410000000
1325780793,6.235240000000,0.174630000000
1325780793,6.242120000000,0.096930000000
1325780794,6.246000000000,22.412535750000
1325780808,6.219280000000,0.013440000000
1325780808,6.238250000000,0.016770000000
1325780809,6.238690000000,0.055800000000
1325780809,6.247000000000,49.913990000000
1325780822,6.149900000000,6.000000000000
1325780837,6.150100000000,7.000000000000
1325780837,6.200000000000,5.000000000000
1325780837,6.200000000000,38.000000000000
1325780839,6.149900000000,24.016000000000
1325780840,6.141810000000,1.419760720000
1325780840,6.140550000000,0.250838380000
1325780840,6.140000000000,127.221836720000
1325780840,6.130000000000,16.313200000000
1325780840,6.123170000000,0.306110000000
1325780840,6.121000000000,195.162897430000
1325780840,6.120000000000,35.309356750000
1325780843,6.200000000000,50.000000000000
1325780847,6.200000000000,50.000000000000
1325780854,6.200000000000,60.000000000000
1325780861,6.183810000000,0.397533000000
1325780861,6.200000000000,49.602467000000
1325780874,6.149800000000,0.030381170000
1325780880,6.149800000000,5.969618830000
1325780902,6.195050000000,1.571166580000
1325780902,6.199000000000,3.944020230000
1325780902,6.200000000000,44.484813190000
1325780916,6.153580000000,0.910014380000
1325780917,6.152310000000,1.529243400000
1325780917,6.150300000000,1.072433860000
1325780917,6.149800000000,2.488308360000
1325780919,6.200000000000,20.702719810000
1325780919,6.200000000000,1.000000000000
1325780919,6.200000000000,4.519999990000
1325780919,6.200000000000,14.720000000000
1325780919,6.200000000000,3.944020250000
1325780919,6.204220000000,0.013850000000
1325780919,6.231330000000,0.017840000000
1325780919,6.245000000000,5.081569950000
1325780994,6.169900000000,0.013580000000
1325781011,6.169900000000,0.150000000000
1325781026,6.164960000000,0.020150000000
1325781036,6.164960000000,39.777863670000
1325781038,6.164960000000,0.016170000000
1325781060,6.162360000000,0.037060000000
1325781060,6.160870000000,0.376340000000
1325781060,6.150850000000,0.019980000000
1325781060,6.150000000000,28.170524230000
1325781065,6.165000000000,23.455701700000
1325781066,6.165000000000,0.979439680000
1325781066,6.165000000000,2.488413830000
1325781088,6.150000000000,3.530995770000
1325781088,6.164860000000,6.000000000000
1325781088,6.164960000000,24.000000000000
1325781108,6.164960000000,14.508816330000
1325781108,6.165000000000,5.291183670000
1325781149,6.164860000000,2.000000000000
1325781154,6.164860000000,0.500000000000
1325781180,6.164760000000,6.000000000000
1325781208,6.164900000000,6.000000000000
1325781257,6.164900000000,6.000000000000
1325781265,6.165000000000,2.020824480000
1325781265,6.170000000000,1.020000000000
1325781265,6.170000000000,32.594984290000
1325781265,6.194310000000,0.428188150000
1325781265,6.224280000000,0.011840000000
1325781265,6.229900000000,0.030185380000
1325781265,6.236330000000,0.020740000000
1325781265,6.239900000000,28.706580710000
1325781272,6.239900000000,50.000000000000
1325781283,6.164900000000,0.508559470000
1325781284,6.239900000000,43.177051930000
1325781284,6.240100000000,6.822948070000
1325781287,6.164900000000,12.928440530000
1325781287,6.151110000000,114.978223440000
1325781288,6.151110000000,13.100000000000
1325781288,6.151000000000,29.720000000000
1325781288,6.151000000000,41.273336030000
1325781298,6.239900000000,4.519999990000
1325781298,6.239900000000,14.720000000000
1325781298,6.240100000000,0.177051930000
1325781298,6.240100000000,0.077602840000
1325781298,6.244940000000,0.016540000000
1325781298,6.245000000000,30.488805240000
1325781324,6.164900000000,6.000000000000
1325781324,6.238000000000,4.800365770000
1325781324,6.239000000000,39.199634230000
1325781333,6.239000000000,50.000000000000
1325781346,6.239000000000,40.000000000000
1325781352,6.238900000000,6.000000000000
1325781353,6.239000000000,44.000000000000
1325781358,6.239000000000,25.880365770000
1325781358,6.239000000000,14.720000000000
1325781359,6.245000000000,9.399634230000
1325781372,6.178900000000,0.013070000000
1325781388,6.226510000000,2.425753910000
1325781388,6.239000000000,9.365454630000
1325781388,6.245000000000,38.208791460000
1325781389,6.164800000000,0.016000000000
1325781401,6.164800000000,2.409766370000
1325781413,6.164800000000,50.000000000000
1325781421,6.164800000000,50.000000000000
1325781423,6.164800000000,97.590233630000
1325781447,6.206800000000,0.289171960000
1325781450,6.226510000000,9.710828040000
1325781458,6.174730000000,2.112649650000
1325781458,6.164800000000,8.687350350000
1325781472,6.165000000000,5.000000000000
1325781546,6.199900000000,6.000000000000
1325781546,6.200000000000,30.000000000000
1325781550,6.200000000000,3.956000000000
1325781552,6.216730000000,4.349032030000
1325781552,6.236000000000,5.000000000000
1325781553,6.236260000000,0.010370000000
1325781553,6.238800000000,4.519999990000
1325781553,6.238800000000,4.519999990000
1325781553,6.238800000000,2.600597990000
1325781560,6.200000000000,1.000000000000
1325781569,6.214720000000,1.000000000000
1325781602,6.190000000000,49.900000000000
1325781607,6.190000000000,1.000000000000
1325781614,6.190000000000,2.000000000000
1325781633,6.190000000000,0.033400000000
1325781634,6.190000000000,68.535757380000
1325781638,6.190000000000,1.464242620000
1325781667,6.189900000000,4.535757380000
1325781686,6.192630000000,1.398810590000
1325781686,6.190000000000,4.601189410000
1325781700,6.200000000000,4.000000000000
1325781728,6.200000000000,1.030000000000
1325781786,6.190000000000,2.869053210000
1325781800,6.190000000000,23.000000000000
1325781804,6.190000000000,26.130946790000
1325781804,6.199900000000,6.000000000000
1325781804,6.200000000000,4.960000000000
1325781804,6.214720000000,0.450968880000
1325781804,6.224280000000,0.021190000000
1325781804,6.232070000000,1.425754620000
1325781804,6.234000000000,5.000000000000
1325781804,6.237000000000,5.000000000000
1325781804,6.237000000000,1.011139710000
1325781829,6.190070000000,0.256635830000
1325781885,6.189900000000,5.000000000000
1325781895,6.180000000000,1.000000000000
1325781895,6.172190000000,4.000000000000
1325781900,6.189900000000,1.000000000000
1325781901,6.237000000000,2.507500780000
1325781905,6.189900000000,0.994500000000
1325781924,6.191750000000,1.427680780000
1325781924,6.189900000000,3.602000000000
1325781937,6.189800000000,0.970319220000
1325781961,6.200000000000,0.101728550000
1325781973,6.200000000000,6.000000000000
1325781984,6.200000000000,3.898271450000
1325781984,6.189800000000,5.131409330000
1325782029,6.190000000000,0.497250000000
1325782113,6.190100000000,0.010800000000
1325782113,6.190000000000,3.887471450000
1325782140,6.209800000000,6.000000000000
1325782140,6.209900000000,4.000000000000
1325782141,6.209900000000,10.000000000000
1325782149,6.209900000000,27.537188750000
1325782149,6.210000000000,17.801652320000
1325782149,6.235320000000,1.470431360000
1325782149,6.238000000000,3.190727570000
1325782156,6.238000000000,1.809272430000
1325782156,6.240000000000,35.157526520000
1325782156,6.244660000000,0.018440000000
1325782156,6.244940000000,0.016540000000
1325782156,6.245000000000,12.998221050000
1325782162,6.209800000000,6.000000000000
1325782179,6.210000000000,8.183706920000
1325782180,6.210000000000,0.000293080000
1325782180,6.245000000000,30.497760890000
1325782180,6.245000000000,14.565021140000
1325782180,6.246190000000,0.048430000000
1325782180,6.246220000000,0.778139020000
1325782180,6.247000000000,4.110355870000
1325782185,6.247000000000,50.000000000000
1325782190,6.247000000000,39.470575940000
1325782190,6.248000000000,10.529424060000
1325782215,6.193320000000,0.352903530000
1325782215,6.190000000000,0.205164470000
1325782288,6.209680000000,0.366988320000
1325782323,6.209680000000,0.876494350000
1325782370,6.199900000000,6.000000000000
1325782370,6.200000000000,1.000000000000
1325782398,6.200000000000,0.497250000000
1325782399,6.200000000000,0.497250000000
1325782400,6.200000000000,0.994500000000
1325782402,6.200000000000,6.000000000000
1325782417,6.209800000000,0.500000000000
1325782482,6.209800000000,9.146800000000
1325782482,6.200000000000,10.853200000000
1325782592,6.200010000000,0.998400000000
1325782619,6.200010000000,20.000000000000
1325782643,6.210000000000,10.000000000000
1325782648,6.230000000000,2.000000000000
1325782648,6.239660000000,1.639653070000
1325782648,6.241220000000,0.911560460000
1325782648,6.248000000000,14.470575940000
1325782648,6.248330000000,0.024660000000
1325782648,6.249000000000,4.896918000000
1325782648,6.249600000000,0.084080000000
1325782648,6.250000000000,0.297400000000
1325782648,6.250000000000,9.900000000000
1325782648,6.250000000000,0.010495400000
1325782648,6.250000000000,0.101533300000
1325782649,6.250000000000,39.741000000000
1325782649,6.250000000000,1.000000000000
1325782649,6.250000000000,9.205423830000
1325782653,6.210000000000,6.000000000000
1325782696,6.239640000000,0.691200000000
1325782696,6.210000000000,5.308800000000
1325782732,6.200660000000,0.393516740000
1325782732,6.200100000000,48.606483260000
1325782738,6.210000000000,0.999800000000
1325782757,6.210100000000,23.240930090000
1325782757,6.200100000000,235.151069910000
1325782819,6.210100000000,0.492081840000
1325782827,6.200100000000,0.500000000000
1325782867,6.209700000000,0.016245550000
1325782903,6.200100000000,19.335288000000
1325782949,6.209600000000,6.000000000000
1325782950,6.209700000000,0.674954450000
1325782950,6.210100000000,3.507918160000
1325782950,6.240000000000,0.492081840000
1325782961,6.240000000000,3.507918160000
1325782961,6.246220000000,0.492081840000
1325782961,6.246220000000,0.154027800000
1325782961,6.246220000000,0.754338240000
1325782961,6.250000000000,22.551290090000
1325782961,6.250000000000,4.000000000000
1325782962,6.252090000000,0.579900000000
1325782962,6.253920000000,0.032950000000
1325782962,6.255000000000,17.927493870000
1325782986,6.209700000000,6.000000000000
1325782986,6.220000000000,4.746148080000
1325782986,6.254980000000,42.080000000000
1325782986,6.255000000000,3.173851920000
1325783008,6.252210000000,1.415917900000
1325783008,6.254980000000,39.980000000000
1325783008,6.255000000000,8.604082100000
1325783010,6.255000000000,50.000000000000
1325783027,6.249000000000,4.000000000000
1325783027,6.252200000000,23.686337020000
1325783027,6.254980000000,22.313662980000
1325783033,6.211290000000,0.039500000000
1325783033,6.211290000000,1.391400820000
1325783033,6.209700000000,0.708123680000
1325783061,6.250680000000,1.334651480000
1325783061,6.252110000000,6.000000000000
1325783061,6.253290000000,0.257562150000
1325783061,6.255000000000,42.407786370000
1325783073,6.252090000000,36.860000000000
1325783073,6.255000000000,13.140000000000
1325783094,6.211970000000,1.311000000000
1325783116,6.211970000000,0.022605730000
1325783116,6.209700000000,14.114316140000
1325783117,6.220000000000,6.860000000000
1325783117,6.251290000000,21.600000000000
1325783117,6.252110000000,6.000000000000
1325783117,6.255000000000,15.540000000000
1325783120,6.209700000000,0.022605730000
1325783123,6.209700000000,14.137394270000
1325783123,6.255000000000,35.862605730000
1325783144,6.204290000000,1.325443400000
1325783169,6.206440000000,0.304470000000
1325783175,6.251970000000,0.302283970000
1325783175,6.251990000000,34.310000000000
1325783175,6.252010000000,6.000000000000
1325783175,6.252100000000,9.387716030000
1325783182,6.248410000000,1.588901320000
1325783182,6.252100000000,8.065033380000
1325783182,6.255000000000,40.346065300000
1325783202,6.203710000000,1.614571280000
1325783202,6.200100000000,3.167153960000
1325783241,6.245710000000,0.258331400000
1325783241,6.249620000000,1.701951770000
1325783241,6.254900000000,6.000000000000
1325783241,6.255000000000,42.039716830000
1325783316,6.247030000000,1.470974550000
1325783316,6.249980000000,32.590000000000
1325783316,6.250000000000,10.000000000000
1325783316,6.255000000000,5.939025450000
1325783362,6.211940000000,1.379901840000
1325783362,6.210030000000,0.411872870000
1325783362,6.210000000000,50.000000000000
1325783376,6.207490000000,37.139000000000
1325783383,6.207490000000,11.069225290000
1325783383,6.252680000000,1.385982620000
1325783383,6.255000000000,30.859087580000
1325783383,6.255030000000,0.078610000000
1325783383,6.255100000000,3.000000000000
1325783383,6.255810000000,0.022880000000
1325783383,6.256000000000,3.584214510000
1325783463,6.206440000000,0.304470000000
1325783463,6.206430000000,1.683530000000
1325783464,6.207590000000,0.135751260000
1325783464,6.205100000000,3.048211630000
1325783475,6.205100000000,1.000000000000
1325783483,6.204290000000,1.106180570000
1325783484,6.204290000000,5.506366740000
1325783484,6.247100000000,0.690927970000
1325783484,6.251070000000,1.567964140000
1325783484,6.254990000000,33.286288300000
1325783484,6.256000000000,7.415785490000
1325783484,6.256510000000,0.218000000000
1325783484,6.256770000000,1.314667360000
1325783504,6.209070000000,0.355405210000
1325783504,6.205100000000,19.344594790000
1325783509,6.250970000000,0.350000000000
1325783514,6.205100000000,0.083918500000
1325783580,6.220000000000,0.080700000000
1325783594,6.220000000000,61.920000000000
1325783602,6.220000000000,55.740000000000
1325783614,6.220000000000,46.259300000000
1325783670,6.220000000000,9.000000000000
1325783746,6.248680000000,3.000000000000
1325783816,6.220000000000,1.000000000000
1325783846,6.248680000000,0.263000000000
1325783854,6.230000000000,10.000000000000
1325783854,6.220000000000,30.000000000000
1325783857,6.248680000000,0.460000000000
1325783893,6.230000000000,0.291144260000
1325783907,6.230000000000,14.708855740000
1325783910,6.220030000000,3.900000000000
1325783910,6.220000000000,96.100000000000
1325783915,6.220000000000,50.000000000000
1325783964,6.248690000000,1.486109950000
1325783964,6.248690000000,2.000000000000
1325783964,6.250000000000,0.151500000000
1325783969,6.250000000000,22.580000000000
1325783977,6.250000000000,40.000000000000
1325783983,6.250000000000,71.782390050000
1325783990,6.220100000000,0.010700000000
1325783990,6.220000000000,49.989300000000
1325784015,6.220000000000,4.791800000000
1325784028,6.220000000000,0.208200000000
1325784037,6.230000000000,9.791800000000
1325784183,6.220000000000,39.311010100000
1325784226,6.230000000000,10.000000000000
1325784226,6.222000000000,11.999997720000
1325784291,6.248800000000,1.060000000000
1325784291,6.248980000000,21.450000000000
1325784291,6.248970000000,45.390000000000
1325784347,6.248950000000,2.500000000000
1325784354,6.222000000000,3.000002280000
1325784396,6.220000000000,34.862858520000
1325784396,6.220000000000,1.000000000000
1325784396,6.207890000000,1.881011470000
1325784396,6.206940000000,0.305380000000
1325784396,6.206000000000,15.000000000000
1325784396,6.205120000000,0.320000000000
1325784397,6.205100000000,30.571486710000
1325784397,6.204790000000,1.096829680000
1325784397,6.202000000000,25.000000000000
1325784397,6.200750000000,0.340000000000
1325784397,6.200100000000,43.240004870000
1325784397,6.200010000000,111.013022550000
1325784427,6.200000000000,6.000000000000
1325784462,6.195110000000,0.010800000000
1325784469,6.195110000000,0.229200000000
1325784469,6.200000000000,1.270800000000
1325784482,6.200000000000,22.098606200000
1325784482,6.220000000000,25.901393800000
1325784494,6.220000000000,21.185403920000
1325784494,6.221900000000,28.814596080000
1325784509,6.195010000000,2.003632630000
1325784525,6.195010000000,35.206367370000
1325784525,6.199900000000,14.793632630000
1325784537,6.199900000000,11.155000000000
1325784548,6.199900000000,8.022890040000
1325784548,6.232630000000,0.561017140000
1325784548,6.245000000000,41.416092820000
1325784555,6.245000000000,50.000000000000
1325784562,6.239470000000,1.626118430000
1325784562,6.245000000000,48.373881570000
1325784615,6.244980000000,20.260000000000
1325784615,6.245000000000,25.130319340000
1325784615,6.245000000000,4.609680660000
1325784621,6.241350000000,1.567122120000
1325784621,6.245000000000,34.286579220000
1325784621,6.245510000000,0.526683210000
1325784621,6.246220000000,1.087958260000
1325784621,6.248000000000,10.000000000000
1325784621,6.248970000000,2.531657190000
1325784632,6.240000000000,0.150000000000
1325784643,6.197900000000,0.950000000000
1325784661,6.240000000000,24.180000000000
1325784680,6.230000000000,10.000000000000
1325784687,6.229900000000,10.000000000000
1325784687,6.239900000000,24.180000000000
1325784687,6.248970000000,2.078342810000
1325784687,6.249870000000,13.741657190000
1325784711,6.229900000000,10.000000000000
1325784711,6.249850000000,18.560000000000
1325784711,6.249890000000,21.440000000000
1325784718,6.249890000000,28.560000000000
1325784718,6.249900000000,21.440000000000
1325784782,6.244310000000,1.700897070000
1325784782,6.245150000000,17.630000000000
1325784782,6.245170000000,0.743132680000
1325784782,6.249000000000,11.668877960000
1325784782,6.249900000000,18.257092290000
1325784802,6.240680000000,1.554350840000
1325784802,6.249900000000,0.302907710000
1325784802,6.249980000000,5.385922830000
1325785040,6.203920000000,0.299880000000
1325785055,6.203920000000,10.000000000000
1325785076,6.203920000000,73.000000000000
1325785095,6.203920000000,38.576000000000
1325785144,6.203920000000,0.200000000000
1325785149,6.202310000000,0.154000000000
1325785193,6.203900000000,11.823000000000
1325785193,6.202310000000,3.039817040000
1325785193,6.201780000000,4.356287240000
1325785193,6.200000000000,89.272853370000
1325785233,6.239630000000,1.508901340000
1325785233,6.243980000000,6.197945860000
1325785355,6.210000000000,9.000000000000
1325785379,6.210000000000,0.150000000000
1325785388,6.210000000000,0.570475000000
1325785405,6.210000000000,0.279525000000
1325785405,6.204000000000,2.478200000000
1325785405,6.200960000000,1.463068310000
1325785481,6.198780000000,0.459812440000
1325785483,6.200000000000,5.280356000000
1325785512,6.210000000000,40.000000000000
1325785529,6.210000000000,1.316149000000
1325785535,6.210000000000,0.816880000000
1325785580,6.198780000000,0.540113000000
1325785640,6.200000000000,24.000000000000
1325785675,6.200000000000,1.000000000000
1325785727,6.200000000000,2.338325200000
1325785746,6.200000000000,0.200000000000
1325785784,6.210000000000,10.000000000000
1325785784,6.200000000000,1.160000000000
1325785826,6.200000000000,0.030000000000
1325785826,6.200000000000,0.140000000000
1325785864,6.200000000000,0.202139960000
1325785873,6.200100000000,0.192032970000
1325785928,6.209860000000,9.139000000000
1325785928,6.209880000000,3.098800000000
1325785954,6.200100000000,9.807967030000
1325785983,6.200100000000,6.182032970000
1325785983,6.210000000000,133.817967030000
1325786010,6.209740000000,3.544000000000
1325786079,6.209700000000,1.063000000000
1325786302,6.200100000000,0.010800000000
1325786302,6.200000000000,0.765200000000
1325786313,6.209380000000,8.486000000000
1325786313,6.209400000000,1.514000000000
1325786347,6.209380000000,0.200000000000
1325786354,6.209380000000,0.595900000000
1325786368,6.209380000000,4.008028170000
1325786376,6.200000000000,1.000000000000
1325786443,6.209800000000,6.000000000000
1325786443,6.210000000000,53.132032970000
1325786444,6.210000000000,7.843000000000
1325786450,6.210000000000,7.940000000000
1325786453,6.210000000000,7.328000000000
1325786478,6.210000000000,6.000000000000
1325786506,6.214580000000,23.638184230000
1325786516,6.214580000000,8.544199280000
1325786583,6.214690000000,7.422000000000
1325786583,6.214710000000,6.000000000000
1325786583,6.214800000000,41.839295330000
1325786583,6.214810000000,16.738704670000
1325786620,6.200030000000,0.935404500000
1325786631,6.200030000000,1.000000000000
1325786631,6.200030000000,0.404595500000
1325786631,6.200000000000,0.595404500000
1325786641,6.200000000000,1.047040260000
1325786641,6.200000000000,0.341893220000
1325786808,6.213980000000,1.342000000000
1325786923,6.200000000000,14.062500000000
1325786924,6.213760000000,6.000000000000
1325786929,6.213860000000,6.874400000000
1325786929,6.200000000000,19.605600000000
1325787013,6.200000000000,0.382281890000
1325787019,6.200000000000,0.010000000000
1325787051,6.213660000000,6.000000000000
1325787055,6.213660000000,6.000000000000
1325787112,6.213660000000,25.000000000000
1325787114,6.213900000000,5.061200000000
1325787118,6.213900000000,0.938800000000
1325787118,6.214000000000,4.061200000000
1325787123,6.214000000000,5.938800000000
1325787125,6.214000000000,8.770000000000
1325787144,6.214000000000,15.070000000000
1325787150,6.214000000000,6.000000000000
1325787174,6.214810000000,15.780000000000
1325787188,6.217420000000,5.000000000000
1325787203,6.217340000000,6.000000000000
1325787214,6.217420000000,4.415000000000
1325787225,6.217440000000,3.449739780000
1325787231,6.217440000000,1.908854760000
1325787250,6.214810000000,23.641961700000
1325787266,6.213660000000,8.770000000000
1325787280,6.211000000000,5.980000000000
1325787287,6.214810000000,5.000000000000
1325787296,6.211000000000,1.449183540000
1325787301,6.211000000000,1.054734620000
1325787343,6.214710000000,5.000000000000
1325787355,6.211000000000,0.309168290000
1325787359,6.214710000000,1.000000000000
1325787372,6.214710000000,13.781657640000
1325787376,6.214710000000,33.008142360000
1325787376,6.211000000000,1.156717110000
1325787376,6.200000000000,14.845122500000
1325787487,6.200000000000,1.000000000000
1325787596,6.214410000000,6.000000000000
1325787604,6.214420000000,6.500000000000
1325787612,6.214420000000,6.118000000000
1325787623,6.214420000000,62.792927540000
1325787636,6.214420000000,19.589072460000
1325787638,6.214710000000,9.841636710000
1325787704,6.200000000000,0.990000000000
1325787863,6.212860000000,6.000000000000
1325787863,6.212880000000,4.000000000000
1325787921,6.212760000000,0.047231820000
1325788022,6.212660000000,0.518534730000
1325788090,6.200000000000,0.600000000000
1325788352,6.200400000000,0.010800000000
1325788352,6.200000000000,0.089200000000
1325788359,6.212340000000,0.099501950000
1325788462,6.200000000000,5.000000000000
1325788568,6.210000000000,10.000000000000
1325788573,6.210000000000,1.000000000000
1325788581,6.210000000000,8.580900000000
1325788581,6.200100000000,1.000000000000
1325788581,6.200000000000,10.595292470000
1325788581,6.199900000000,2.000000000000
1325788581,6.198780000000,2.465360710000
1325788581,6.193810000000,7.555917000000
1325788581,6.191520000000,0.014400000000
1325788581,6.190000000000,3.738129820000
1325788650,6.201000000000,1.000000000000
1325788657,6.210640000000,2.093100000000
1325788694,6.201000000000,0.019542440000
1325788726,6.201000000000,1.000000000000
1325788753,6.201000000000,0.010000000000
1325788782,6.201000000000,3.494600000000
1325788790,6.201000000000,0.000079850000
1325788847,6.210420000000,6.000000000000
1325788857,6.210420000000,74.000000000000
1325788857,6.201000000000,4.435212060000
1325788901,6.200000000000,24.712787940000
1325788940,6.210320000000,6.000000000000
1325788977,6.210320000000,6.000000000000
1325788994,6.214690000000,4.972000000000
1325789000,6.214690000000,10.000000000000
1325789004,6.214690000000,17.210000000000
1325789010,6.214690000000,9.154467880000
1325789086,6.190100000000,0.010900000000
1325789097,6.190000000000,1.261870180000
1325789117,6.187650000000,0.628200000000
1325789120,6.190000000000,2.678150750000
1325789161,6.214980000000,1.700000000000
1325789169,6.210520000000,11.974887830000
1325789190,6.210520000000,2.300000000000
1325789230,6.211000000000,0.820000000000
1325789230,6.211000000000,9.130908060000
1325789237,6.210520000000,3.500000000000
1325789330,6.210520000000,4.480000000000
1325789401,6.210520000000,0.497250000000
1325789423,6.214480000000,6.000000000000
1325789426,6.214480000000,3.654870560000
1325789452,6.210520000000,0.497250000000
1325789499,6.210520000000,24.977461420000
1325789586,6.189000000000,1.771397040000
1325789770,6.210280000000,5.029000000000
1325789775,6.210280000000,4.837000000000
1325789781,6.210280000000,4.651000000000
1325789786,6.210280000000,6.000000000000
1325789805,6.210280000000,10.546000000000
1325789899,6.210280000000,8.720000000000
1325790083,6.200000000000,36.000000000000
1325790134,6.189000000000,0.010000000000
1325790332,6.195060000000,1.397000000000
1325790367,6.195060000000,2.000000000000
1325790372,6.195060000000,5.000000000000
1325790375,6.200000000000,4.983525800000
1325790376,6.195060000000,1.130000000000
1325790376,6.195060000000,1.000000000000
1325790380,6.215000000000,2.116796460000
1325790380,6.195060000000,2.000000000000
1325790380,6.195060000000,1.000000000000
1325790390,6.200000000000,1.992411290000
1325790390,6.195060000000,8.346562630000
1325790390,6.189000000000,2.218602960000
1325790390,6.189000000000,2.000000000000
1325790390,6.187650000000,1.371800000000
1325790390,6.187000000000,36.063034410000
1325790398,6.200000000000,34.683072450000
1325790398,6.215000000000,5.931558450000
1325790398,6.219080000000,1.724869890000
1325790398,6.230000000000,5.000000000000
1325790398,6.235810000000,0.906710040000
1325790398,6.239000000000,1.478148740000
1325790399,6.187000000000,33.936965590000
1325790399,6.184230000000,0.015120000000
1325790399,6.180290000000,0.950869610000
1325790399,6.180000000000,1.000000000000
1325790399,6.180000000000,10.000000000000
1325790399,6.177070000000,0.016170000000
1325790400,6.171000000000,4.080874800000
1325790400,6.171000000000,10.503425200000
1325790400,6.170000000000,39.496574800000
1325790410,6.239000000000,0.275640430000
1325790410,6.239000000000,2.246210830000
1325790410,6.239610000000,5.000000000000
1325790410,6.240000000000,2.265369350000
1325790410,6.240000000000,40.488419820000
1325790411,6.240000000000,48.469847750000
1325790412,6.170000000000,5.053425200000
1325790412,6.169000000000,0.349765500000
1325790412,6.167360000000,0.076700000000
1325790412,6.167340000000,0.959070000000
1325790412,6.166870000000,0.055460000000
1325790412,6.165550000000,0.901581030000
1325790412,6.164800000000,8.200000000000
1325790412,6.161960000000,0.028630000000
1325790412,6.161000000000,34.375368270000
1325790417,6.240000000000,1.530152250000
1325790418,6.240000000000,9.511580180000
1325790418,6.240200000000,1.974200000000
1325790418,6.240680000000,4.771234440000
1325790418,6.248180000000,0.373994200000
1325790418,6.248180000000,0.789155330000
1325790418,6.249000000000,0.967741940000
1325790418,6.250000000000,0.010116500000
1325790418,6.250000000000,13.000000000000
1325790418,6.250000000000,2.000000000000
1325790418,6.250000000000,1.200000000000
1325790418,6.250000000000,0.018213830000
1325790419,6.252310000000,10.000000000000
1325790419,6.253000000000,0.400237780000
1325790419,6.253000000000,0.599762220000
1325790419,6.254230000000,0.010420000000
1325790419,6.256380000000,0.014370000000
1325790419,6.256770000000,2.030010690000
1325790499,6.199970000000,0.500000000000
1325790502,6.215450000000,0.497508620000
1325790510,6.199970000000,11.288881120000
1325790546,6.199950000000,0.100000000000
1325790599,6.207320000000,0.306070000000
1325790684,6.200820000000,6.141724070000
1325790684,6.200000000000,43.785573500000
1325790686,6.207320000000,7.693930000000
1325790686,6.212300000000,6.000000000000
1325790686,6.212400000000,1.383612420000
1325790686,6.212400000000,12.551788600000
1325790686,6.216800000000,17.360746400000
1325790686,6.222670000000,3.997384120000
1325790687,6.239000000000,0.515029840000
1325790690,6.240000000000,0.185844550000
1325790712,6.207220000000,6.000000000000
1325790736,6.207300000000,2.400000000000
1325790740,6.216080000000,0.193573920000
1325790744,6.207300000000,6.000000000000
1325790779,6.216060000000,3.343000000000
1325790785,6.216070000000,6.612547310000
1325790785,6.216070000000,3.499000000000
1325790792,6.216070000000,3.379000000000
1325790798,6.216070000000,9.512000000000
1325790800,6.216070000000,27.654452690000
1325790825,6.216070000000,1.795547310000
1325790825,6.216070000000,8.204452690000
1325790831,6.207300000000,3.130000000000
1325790850,6.207400000000,0.010900000000
1325790850,6.207300000000,7.729100000000
1325790857,6.207300000000,6.966000000000
1325790869,6.216070000000,10.000000000000
1325790872,6.207300000000,6.046900000000
1325790872,6.203080000000,0.223100000000
1325790880,6.203080000000,5.642000000000
1325790887,6.203080000000,5.078000000000
1325790888,6.203080000000,0.300000000000
1325790896,6.203080000000,0.579212560000
1325790917,6.215970000000,6.000000000000
1325790917,6.216070000000,7.929638820000
1325790954,6.215970000000,6.000000000000
1325790954,6.216050000000,2.017000000000
1325790954,6.216070000000,3.448000000000
1325790994,6.203140000000,4.310000000000
1325791001,6.203140000000,1.601108680000
1325791001,6.203140000000,1.000000000000
1325791024,6.201000000000,3.620000000000
1325791032,6.204000000000,3.258000000000
1325791038,6.204000000000,2.932000000000
1325791043,6.204000000000,2.638000000000
1325791053,6.204000000000,1.172000000000
1325791053,6.201000000000,1.202000000000
1325791064,6.201000000000,2.138000000000
1325791075,6.201000000000,1.924000000000
1325791091,6.215930000000,0.806300000000
1325791091,6.215970000000,6.000000000000
1325791091,6.216070000000,16.951319780000
1325791091,6.216100000000,30.440737860000
1325791091,6.217440000000,17.520694460000
1325791091,6.240000000000,99.814155450000
1325791091,6.243750000000,1.380044180000
1325791091,6.243750000000,0.644109550000
1325791098,6.250000000000,0.769200000000
1325791104,6.250000000000,0.779380550000
1325791104,6.250000000000,0.733400000000
1325791108,6.250000000000,62.796551670000
1325791112,6.250000000000,1.500000000000
1325791112,6.250000000000,149.337451200000
1325791112,6.203230000000,6.662548800000
1325791117,6.256770000000,5.018221950000
1325791117,6.258190000000,19.300000000000
1325791117,6.260000000000,0.010488200000
1325791117,6.260000000000,0.010108500000
1325791117,6.260000000000,0.101517800000
1325791118,6.260000000000,10.000000000000
1325791118,6.260000000000,2.000000000000
1325791118,6.260000000000,10.905100640000
1325791118,6.260000000000,4.204699360000
1325791118,6.260190000000,0.723627080000
1325791118,6.260190000000,0.723627080000
1325791118,6.260610000000,0.017730000000
1325791118,6.261250000000,0.021950000000
1325791118,6.261800000000,0.250000000000
1325791118,6.264000000000,2.370242600000
1325791119,6.264110000000,0.119790000000
1325791119,6.264190000000,0.723627080000
1325791119,6.264320000000,2.869916110000
1325791119,6.264890000000,1.430000000000
1325791119,6.264900000000,10.000000000000
1325791119,6.264990000000,76.544790690000
1325791120,6.264990000000,7.894068460000
1325791126,6.250000000000,0.250000000000
1325791132,6.203230000000,1.350000000000
1325791140,6.203230000000,1.215000000000
1325791147,6.203230000000,1.130000000000
1325791160,6.248290000000,0.200000000000
1325791172,6.222320000000,0.803576510000
1325791172,6.222000000000,0.290423490000
1325791175,6.222000000000,0.088815330000
1325791175,6.211540000000,0.011610000000
1325791175,6.211430000000,0.313370000000
1325791175,6.205160000000,0.586204670000
1325791178,6.205160000000,0.883469920000
1325791191,6.203230000000,0.896200000000
1325791241,6.210820000000,0.015230000000
1325791241,6.204550000000,0.791370000000
1325791251,6.204550000000,0.674440650000
1325791252,6.203620000000,0.051359350000
1325791260,6.203620000000,0.653200000000
1325791263,6.203620000000,4.000000000000
1325791265,6.203620000000,0.588000000000
1325791271,6.203620000000,0.529200000000
1325791278,6.203620000000,0.243007670000
1325791329,6.201000000000,1.116000000000
1325791329,6.191900000000,0.015170000000
1325791329,6.191900000000,0.016460000000
1325791329,6.185050000000,0.182370000000
1325791329,6.218140000000,24.648000000000
1325791342,6.203830000000,3.032279240000
1325791370,6.185050000000,0.457211460000
1325791389,6.185050000000,0.021900000000
1325791414,6.185050000000,0.520888540000
1325791427,6.201000000000,6.937720760000
1325791435,6.185000000000,2.000000000000
1325791438,6.184950000000,16.931410000000
1325791443,6.184950000000,7.434000000000
1325791454,6.184950000000,1.516325770000
1325791466,6.184820000000,0.015350000000
1325791466,6.183730000000,0.016940000000
1325791498,6.182400000000,1.594000000000
1325791553,6.183100000000,2.000000000000
1325791641,6.184820000000,1.000000000000
1325791654,6.184950000000,10.000000000000
1325791680,6.184820000000,27.789590000000
1325791693,6.184950000000,0.021864060000
1325791693,6.184950000000,2.120000000000
1325791693,6.217420000000,42.180000000000
1325791693,6.217700000000,21.825644340000
1325791693,6.230000000000,133.852491600000
1325791703,6.217380000000,0.993987820000
1325791767,6.217360000000,37.970000000000
1325791773,6.217360000000,18.551800000000
1325791970,6.217180000000,6.000000000000
1325791970,6.217300000000,1.917182600000
1325792214,6.215800000000,6.000000000000
1325792214,6.215900000000,0.800000000000
1325792216,6.216000000000,13.200000000000
1325792216,6.202740000000,1.790000000000
1325792220,6.202740000000,0.145300000000
1325792257,6.202740000000,10.205248450000
1325792257,6.202740000000,1.146251550000
1325792265,6.202740000000,0.100000000000
1325792309,6.215000000000,3.500000000000
1325792309,6.215700000000,6.000000000000
1325792309,6.217360000000,3.000000000000
1325792309,6.217800000000,11.170200330000
1325792330,6.219000000000,0.341847560000
1325792334,6.202740000000,0.115000000000
1325792424,6.222580000000,5.000000000000
1325792533,6.222460000000,22.901410000000
1325792544,6.222460000000,23.899900000000
1325792702,6.222140000000,6.000000000000
1325792712,6.222120000000,6.000000000000
1325792724,6.222600000000,0.399500000000
1325792734,6.222580000000,17.605530000000
1325792753,6.222140000000,0.961000000000
1325792775,6.222120000000,30.000000000000
1325792786,6.222120000000,0.388200000000
1325792874,6.222000000000,1.495000000000
1325793000,6.209900000000,6.000000000000
1325793014,6.203000000000,1.516895050000
1325793047,6.195000000000,0.430000000000
1325793079,6.190230000000,0.999999900000
1325793079,6.190000000000,1.000000100000
1325793101,6.209800000000,2.445000000000
1325793336,6.209600000000,6.000000000000
1325793336,6.210000000000,4.256984090000
1325793336,6.220000000000,26.147508400000
1325793336,6.222700000000,0.399500000000
1325793336,6.230000000000,1.000000000000
1325793336,6.235000000000,13.942007510000
1325793370,6.209500000000,2.799990000000
1325793409,6.209500000000,0.588600000000
1325793503,6.201300000000,0.010900000000
1325793527,6.209400000000,6.000000000000
1325793560,6.209400000000,6.000000000000
1325793560,6.209400000000,1.510172920000
1325793585,6.209400000000,10.000000000000
1325793657,6.209400000000,26.489827080000
1325793657,6.201200000000,0.734000000000
1325793657,6.201000000000,14.626172920000
1325793662,6.234860000000,26.926099170000
1325793662,6.234860000000,3.743900830000
1325793662,6.235000000000,10.884044900000
1325793731,6.209300000000,6.000000000000
1325793731,6.209400000000,0.200000000000
1325793731,6.209400000000,0.200000000000
1325793731,6.209400000000,3.600000000000
1325793731,6.209400000000,0.800000000000
1325793829,6.209200000000,3.287000000000
1325793831,6.209200000000,2.713000000000
1325793831,6.209400000000,37.072078280000
1325793831,6.209400000000,0.200000000000
1325793831,6.209400000000,0.200000000000
1325793844,6.209400000000,25.814921720000
1325793844,6.201000000000,24.185078280000
1325793852,6.235000000000,21.046613730000
1325793852,6.235000000000,1.000000000000
1325793852,6.236210000000,0.018390000000
1325793852,6.240000000000,1.000000000000
1325793852,6.242960000000,0.010140000000
1325793852,6.245870000000,2.060534480000
1325793852,6.247840000000,0.443390970000
1325793852,6.248290000000,1.258663640000
1325793852,6.250000000000,1.000000000000
1325793852,6.251910000000,0.361813540000
1325793852,6.253200000000,0.019850000000
1325793852,6.255000000000,1.991400000000
1325793852,6.256000000000,3.000000000000
1325793852,6.256910000000,0.361813540000
1325793852,6.257060000000,0.361813540000
1325793852,6.258190000000,9.650000000000
1325793852,6.260000000000,1.000000000000
1325793852,6.260980000000,0.026800000000
1325793853,6.261800000000,0.361813540000
1325793853,6.261910000000,0.361813540000
1325793853,6.262450000000,0.020940000000
1325793853,6.264220000000,0.361813520000
1325793853,6.264370000000,0.587251600000
1325793853,6.264990000000,3.239103330000
1325793856,6.201000000000,41.816848800000
1325793856,6.190000000000,8.183151200000
1325793859,6.209200000000,0.456041030000
1325793860,6.209200000000,5.543958970000
1325793860,6.235000000000,29.828095300000
1325793860,6.235000000000,5.345852290000
1325793860,6.240320000000,8.432312760000
1325793887,6.207580000000,1.884637470000
1325793887,6.206290000000,0.115362530000
1325794134,6.233490000000,6.000000000000
1325794134,6.233590000000,1.435628010000
1325794137,6.233600000000,4.456442950000
1325794140,6.233600000000,6.000000000000
1325794259,6.233600000000,0.410000000000
1325794437,6.236840000000,1.482159740000
1325794437,6.239700000000,6.000000000000
1325794447,6.239800000000,2.517840260000
1325794521,6.200000000000,10.000000000000
1325794564,6.200000000000,15.000000000000
1325794575,6.200000000000,0.200000000000
1325794607,6.237600000000,1.416742920000
1325794635,6.237600000000,2.330000000000
1325794638,6.237600000000,6.253257080000
1325794663,6.239900000000,6.000000000000
1325794670,6.239900000000,4.640000000000
1325794674,6.240000000000,1.000000000000
1325794727,6.239900000000,6.000000000000
1325794727,6.249580000000,0.226156500000
1325794727,6.250920000000,0.331844700000
1325794727,6.257880000000,2.212268380000
1325794727,6.263340000000,0.020200000000
1325794727,6.264990000000,9.619500450000
1325794727,6.265000000000,13.541291300000
1325794801,6.215880000000,0.100000000000
1325794981,6.215880000000,0.519435150000
1325794992,6.215880000000,15.670564850000
1325794992,6.237330000000,34.630000000000
1325794992,6.237350000000,6.000000000000
1325794992,6.239900000000,1.231535150000
1325794994,6.200100000000,3.500000000000
1325794994,6.198300000000,0.420000000000
1325794994,6.198300000000,1.013664200000
1325794994,6.196640000000,1.713449470000
1325794994,6.194840000000,2.199728690000
1325794994,6.193000000000,6.000000000000
1325794994,6.192780000000,5.040764460000
1325794994,6.191380000000,15.208655420000
1325794994,6.190000000000,12.919029070000
1325794994,6.190000000000,1.103523420000
1325794995,6.182400000000,2.177090000000
1325794995,6.182400000000,1.399303450000
1325795291,6.210000000000,10.000000000000
1325795299,6.210000000000,12.835600000000
1325795350,6.210000000000,5.164400000000
1325795350,6.210000000000,5.605600000000
1325795385,6.209900000000,6.000000000000
1325795385,6.210000000000,4.000000000000
1325795414,6.200000000000,6.030000000000
1325795414,6.210000000000,3.970000000000
1325795421,6.210000000000,18.930000000000
1325795438,6.209900000000,6.000000000000
1325795438,6.210000000000,4.000000000000
1325795462,6.210000000000,15.000000000000
1325795484,6.210000000000,0.010900000000
1325795484,6.209900000000,6.000000000000
1325795521,6.209900000000,4.000000000000
1325795583,6.192470000000,0.022000000000
1325795604,6.192470000000,0.978000000000
1325795641,6.192500000000,2.000000000000
1325795652,6.232770000000,4.673356790000
1325795652,6.237420000000,0.383585380000
1325795652,6.238490000000,0.017720000000
1325795652,6.240000000000,2.380000000000
1325795652,6.240300000000,0.401425980000
1325795652,6.241570000000,15.652395360000
1325795652,6.252530000000,0.020990000000
1325795652,6.255500000000,2.000000000000
1325795652,6.255900000000,5.072978270000
1325795652,6.259150000000,0.014500000000
1325795652,6.260310000000,0.027640000000
1325795652,6.264250000000,0.957745250000
1325795653,6.264250000000,0.427112580000
1325795654,6.210000000000,5.316576480000
1325795704,6.209900000000,6.000000000000
1325795704,6.210000000000,43.166923520000
1325795704,6.237420000000,1.283604550000
1325795704,6.240340000000,7.826197680000
1325795704,6.249900000000,80.281448990000
1325795704,6.256010000000,2.550070530000
1325795704,6.265000000000,63.891754730000
1325795724,6.209900000000,6.000000000000
1325795843,6.235000000000,0.050153960000
1325795843,6.212420000000,0.609846040000
1325795854,6.212420000000,0.849840220000
1325795970,6.212320000000,3.599000000000
1325795980,6.209900000000,3.627430010000
1325795983,6.212320000000,0.046800000000
1325796002,6.209900000000,12.769972000000
1325796044,6.212300000000,1.080000000000
1325796166,6.212120000000,6.000000000000
1325796199,6.212120000000,6.000000000000
1325796231,6.212120000000,2.000000000000
1325796235,6.212120000000,6.000000000000
1325796255,6.212420000000,0.015359780000
1325796282,6.212420000000,6.000000000000
1325796297,6.212420000000,1.000000000000
1325796307,6.240000000000,2.000000000000
1325796329,6.240000000000,6.000000000000
1325796342,6.240000000000,2.000000000000
1325796371,6.240210000000,3.913098840000
1325796377,6.240210000000,6.000000000000
1325796415,6.250400000000,39.619406970000
1325796415,6.250420000000,0.408712150000
1325796415,6.251170000000,0.325794750000
1325796415,6.254430000000,1.502540910000
1325796424,6.257500000000,6.000000000000
1325796441,6.257500000000,32.143545220000
1325796450,6.245750000000,39.000000000000
1325796450,6.240210000000,53.850000000000
1325796456,6.258740000000,0.024010000000
1325796456,6.259990000000,17.946540390000
1325796457,6.259990000000,42.631934650000
1325796457,6.260800000000,0.010635800000
1325796457,6.260800000000,0.021569800000
1325796457,6.264100000000,0.350324700000
1325796457,6.264180000000,0.012800000000
1325796457,6.265000000000,6.972735050000
1325796457,6.265000000000,24.363787700000
1325796458,6.240210000000,56.090086710000
1325796458,6.240000000000,10.000000000000
1325796458,6.221000000000,1.995074740000
1325796458,6.216810000000,0.270457360000
1325796458,6.213000000000,4.000000000000
1325796458,6.212420000000,2.984640220000
1325796458,6.212420000000,1.000000000000
1325796458,6.212120000000,16.509740970000
1325796465,6.265000000000,50.000000000000
1325796465,6.265000000000,25.636212300000
1325796465,6.265000000000,4.270573620000
1325796465,6.265000000000,12.228368710000
1325796525,6.212200000000,4.519999990000
1325796525,6.212200000000,3.480000010000
1325796645,6.238090000000,1.956549420000
1325796654,6.238090000000,0.750000000000
1325796665,6.239910000000,6.000000000000
1325796665,6.240100000000,11.885822090000
1325796665,6.240210000000,2.000000000000
1325796665,6.247000000000,10.000000000000
1325796665,6.257560000000,0.012320000000
1325796665,6.265000000000,70.101857910000
1325796741,6.239910000000,6.000000000000
1325796764,6.264900000000,0.500000000000
1325796768,6.239920000000,7.150000000000
1325796769,6.264900000000,5.500000000000
1325796769,6.265000000000,1.603661610000
1325796790,6.264970000000,1.430001000000
1325796790,6.265000000000,32.727999000000
1325796792,6.239920000000,0.500000000000
1325796797,6.265000000000,8.400000000000
1325796819,6.264900000000,6.000000000000
1325796819,6.265000000000,52.156421380000
1325796903,6.240000000000,5.000000000000
1325796930,6.239910000000,27.724800000000
1325797015,6.211440000000,0.313380000000
1325797073,6.209900000000,23.720720000000
1325797076,6.211340000000,6.000000000000
1325797076,6.239900000000,3.742900000000
1325797092,6.211340000000,6.000000000000
1325797167,6.239800000000,6.000000000000
1325797167,6.239900000000,5.532300000000
1325797167,6.240000000000,5.000000000000
1325797201,6.241000000000,6.000000000000
1325797246,6.250000000000,10.000000000000
1325797265,6.241000000000,7.897700000000
1325797265,6.230000000000,2.000000000000
1325797265,6.225000000000,13.276400170000
1325797285,6.250000000000,23.045465600000
1325797293,6.249900000000,6.000000000000
1325797315,6.249900000000,4.000000000000
1325797315,6.249900000000,42.000000000000
1325797321,6.250000000000,6.954534400000
1325797321,6.264000000000,3.982800000000
1325797321,6.265000000000,26.834296890000
1325797321,6.265000000000,8.020062250000
1325797322,6.249900000000,3.000000000000
1325797370,6.249900000000,46.000000000000
1325797370,6.263900000000,6.000000000000
1325797370,6.264000000000,3.565746630000
1325797370,6.265000000000,99.250977550000
1325797370,6.265000000000,4.000000000000
1325797370,6.265060000000,0.018740000000
1325797370,6.265150000000,0.010280000000
1325797370,6.265340000000,0.021200000000
1325797370,6.267080000000,0.053500000000
1325797370,6.268010000000,3.963990000000
1325797370,6.268380000000,0.446580000000
1325797370,6.269270000000,0.544550000000
1325797370,6.269920000000,0.349378980000
1325797370,6.270000000000,0.010488000000
1325797371,6.270000000000,0.010104900000
1325797371,6.270000000000,0.101502900000
1325797371,6.270000000000,40.811400000000
1325797371,6.270000000000,4.000000000000
1325797371,6.270000000000,20.098680000000
1325797371,6.271130000000,0.824991740000
1325797371,6.271920000000,0.021320000000
1325797371,6.271990000000,6.000000000000
1325797371,6.274410000000,4.345640000000
1325797371,6.277630000000,4.477525290000
1325797371,6.280000000000,0.483570310000
1325797371,6.280000000000,1.970870430000
1325797371,6.280000000000,0.010096000000
1325797371,6.280000000000,71.667097940000
1325797371,6.280000000000,0.155316160000
1325797371,6.280000000000,0.010486600000
1325797372,6.280000000000,0.101487700000
1325797372,6.280000000000,22.000000000000
1325797372,6.280000000000,2.000000000000
1325797372,6.280310000000,0.038730000000
1325797372,6.281000000000,3.000000000000
1325797372,6.281000000000,4.973500000000
1325797372,6.282270000000,0.033960000000
1325797372,6.284500000000,0.042990000000
1325797372,6.289900000000,0.200000000000
1325797372,6.289950000000,0.510102830000
1325797372,6.290000000000,0.101472200000
1325797372,6.290000000000,0.010091600000
1325797372,6.290000000000,6.785822500000
1325797372,6.290000000000,0.010486000000
1325797372,6.290000000000,10.000000000000
1325797372,6.291870000000,0.034570000000
1325797372,6.291880000000,0.092790000000
1325797372,6.292440000000,1.164782090000
1325797372,6.292440000000,1.043252590000
1325797372,6.293360000000,0.112710000000
1325797372,6.294330000000,3.552586160000
1325797373,6.295690000000,1.156434410000
1325797373,6.297000000000,2.580000000000
1325797373,6.298100000000,1.900000000000
1325797373,6.298950000000,1.066666670000
1325797373,6.298970000000,1.230000000000
1325797373,6.299020000000,0.439945740000
1325797373,6.299020000000,5.779237650000
1325797373,6.299870000000,0.040000000000
1325797373,6.299890000000,5.770000000000
1325797373,6.299890000000,113.620904490000
1325797389,6.226000000000,29.720000000000
1325797389,6.225000000000,20.280000000000
1325797393,6.263900000000,6.000000000000
1325797393,6.280860000000,0.010735200000
1325797393,6.281160000000,0.010635800000
1325797393,6.286460000000,0.010536400000
1325797393,6.299870000000,5.798903140000
1325797394,6.299870000000,37.490503770000
1325797398,6.225000000000,48.778698790000
1325797398,6.225000000000,1.221301210000
1325797400,6.296430000000,0.021768600000
1325797400,6.299890000000,12.487727630000
1325797401,6.299890000000,33.427367880000
1325797401,6.299900000000,0.200000000000
1325797401,6.299900000000,0.030150590000
1325797401,6.299910000000,0.934771630000
1325797401,6.299990000000,0.010000000000
1325797401,6.300000000000,0.500000000000
1325797401,6.300000000000,1.670293650000
1325797410,6.256950000000,0.298666670000
1325797410,6.252330000000,0.994724120000
1325797410,6.235630000000,1.253707080000
1325797410,6.216000000000,12.000000000000
1325797410,6.211340000000,9.376700000000
1325797410,6.211000000000,4.000000000000
1325797411,6.209900000000,22.076202130000
1325797417,6.298800000000,12.653083360000
1325797417,6.299800000000,0.574332890000
1325797417,6.299800000000,14.145667110000
1325797417,6.300000000000,8.329706350000
1325797418,6.300000000000,1.000000000000
1325797418,6.300000000000,12.490236500000
1325797427,6.257020000000,1.618186540000
1325797463,6.250000000000,5.000000000000
1325797463,6.248480000000,0.010800000000
1325797464,6.248380000000,1.033761930000
1325797464,6.211400000000,4.519999990000
1325797464,6.210000000000,30.000000000000
1325797464,6.210000000000,9.435438080000
1325797467,6.250000000000,3.784972530000
1325797467,6.257020000000,1.618186540000
1325797467,6.266980000000,8.631230970000
1325797467,6.266980000000,23.338769030000
1325797467,6.267000000000,3.982800000000
1325797467,6.296330000000,6.000000000000
1325797467,6.296400000000,1.069723980000
1325797468,6.299020000000,0.366788950000
1325797468,6.300000000000,0.642709520000
1325797469,6.210000000000,30.484561960000
1325797469,6.209900000000,19.515438040000
1325797471,6.300000000000,14.599208520000
1325797472,6.300000000000,22.267845460000
1325797472,6.300000000000,12.295138090000
1325797476,6.209900000000,12.290237820000
1325797476,6.209900000000,37.709762180000
1325797481,6.296330000000,6.000000000000
1325797482,6.299000000000,9.437016450000
1325797482,6.299000000000,20.282983550000
1325797482,6.300000000000,7.704861910000
1325797482,6.300000000000,1.038899000000
1325797482,6.300000000000,4.706161900000
1325797505,6.250000000000,0.162946240000
1325797519,6.259200000000,1.407917680000
1325797519,6.257020000000,4.592082320000
1325797528,6.257020000000,5.407917680000
1325797529,6.250000000000,40.680053760000
1325797541,6.257020000000,4.592082320000
1325797541,6.298440000000,1.326153470000
1325797541,6.299960000000,3.900000000000
1325797541,6.299980000000,0.181764210000
1325797568,6.257120000000,4.592082320000
1325797578,6.249900000000,0.371322970000
1325797626,6.249800000000,6.000000000000
1325797645,6.249900000000,6.253000000000
1325797645,6.237860000000,0.010900000000
1325797645,6.237760000000,0.013130000000
1325797645,6.230100000000,0.029869950000
1325797645,6.228870000000,0.342210000000
1325797645,6.222200000000,4.000000000000
1325797646,6.222000000000,3.080334290000
1325797646,6.220100000000,14.720000020000
1325797646,6.220030000000,0.250000000000
1325797646,6.220000000000,10.000000000000
1325797646,6.220000000000,4.519999990000
1325797646,6.213240000000,0.110770000000
1325797646,6.210900000000,6.669785750000
1325797650,6.290000000000,2.463330800000
1325797651,6.299900000000,14.720000000000
1325797651,6.300000000000,5.193838100000
1325797651,6.300000000000,0.101457300000
1325797651,6.300000000000,0.010088000000
1325797651,6.300000000000,26.780168250000
1325797655,6.210900000000,23.050214250000
1325797655,6.209900000000,12.290237820000
1325797655,6.206710000000,0.012570000000
1325797655,6.201720000000,2.143590210000
1325797655,6.200030000000,0.999999000000
1325797655,6.200000000000,11.503388720000
1325797658,6.249900000000,0.731117550000
1325797659,6.249900000000,0.468882450000
1325797659,6.300000000000,47.952525390000
1325797695,6.249800000000,6.000000000000
1325797699,6.250000000000,0.385846240000
1325797708,6.250000000000,3.614153760000
1325797738,6.240000000000,0.140000000000
1325797738,6.249700000000,2.385846240000
1325797757,6.250000000000,6.000000000000
1325797762,6.294130000000,1.000000000000
1325797783,6.294130000000,0.400000000000
1325797793,6.260000000000,100.000000000000
1325797793,6.252630000000,1.524864760000
1325797793,6.250000000000,1.474153760000
1325797793,6.245590000000,0.011660000000
1325797793,6.230000000000,5.000000000000
1325797793,6.228940000000,0.342310000000
1325797793,6.220320000000,0.010900000000
1325797793,6.220180000000,0.340000000000
1325797793,6.220000000000,2.476100000000
1325797793,6.218380000000,0.016860000000
1325797793,6.200030000000,2.900000000000
1325797793,6.200010000000,0.503000000000
1325797793,6.200000000000,0.970111280000
1325797793,6.200000000000,10.000000000000
1325797794,6.196900000000,1.141459230000
1325797794,6.196900000000,2.347635940000
1325797794,6.196860000000,7.062310000000
1325797794,6.196330000000,0.015240000000
1325797794,6.196020000000,0.091160000000
1325797794,6.194910000000,0.203490000000
1325797794,6.193520000000,14.568745030000
1325797797,6.294130000000,0.088450610000
1325797797,6.298000000000,1.490141550000
1325797797,6.298000000000,2.509858450000
1325797797,6.298100000000,3.049888850000
1325797797,6.299900000000,0.029706120000
1325797797,6.300000000000,44.410546580000
1325797797,6.300000000000,10.966759780000
1325797797,6.300000000000,2.000000000000
1325797797,6.300000000000,0.010485400000
1325797798,6.300000000000,0.300000000000
1325797798,6.300000000000,9.945000000000
1325797798,6.300000000000,1.000000000000
1325797798,6.300000000000,1.000000000000
1325797798,6.300000000000,1.000000000000
1325797798,6.300000000000,23.777754820000
1325797798,6.300000000000,16.222245180000
1325797798,6.300000000000,1.000000000000
1325797798,6.300000000000,0.733976640000
1325797798,6.300000000000,6.000000000000
1325797798,6.300000000000,1.000000000000
1325797798,6.300000000000,0.180797730000
1325797798,6.300000000000,22.506731740000
1325797802,6.260000000000,4.519999990000
1325797802,6.260000000000,2.225090010000
1325797805,6.260000000000,10.874909990000
1325797805,6.260000000000,15.217249530000
1325797833,6.237950000000,8.226225360000
1325797861,6.238760000000,0.015220000000
1325797861,6.237950000000,1.349690000000
1325797903,6.240000000000,10.000000000000
1325797903,6.237950000000,0.424084640000
1325797903,6.230670000000,2.144289340000
1325797903,6.230100000000,0.029872820000
1325797904,6.223860000000,1.119033760000
1325797904,6.221000000000,4.000000000000
1325797904,6.221000000000,29.720000000000
1325797904,6.220000000000,3.107004820000
1325797904,6.220000000000,49.455714620000
1325797908,6.259900000000,2.356248710000
1325797908,6.259900000000,3.643751290000
1325797908,6.260000000000,0.180000000000
1325797908,6.260000000000,37.328298240000
1325797908,6.260000000000,0.400000000000
1325797908,6.285110000000,2.082766390000
1325797908,6.294000000000,4.519999990000
1325797908,6.294100000000,1.845184090000
1325797908,6.294100000000,14.152658010000
1325797908,6.294100000000,2.114435630000
1325797909,6.294100000000,12.605564370000
1325797909,6.294630000000,0.264309890000
1325797909,6.299960000000,2.900000000000
1325797909,6.300000000000,14.449800000000
1325797929,6.240000000000,1.000000000000
1325797934,6.240010000000,3.461243400000
1325797936,6.240000000000,4.113112680000
1325797968,6.259890000000,1.000000000000
1325797991,6.259890000000,2.461243400000
1325797991,6.259900000000,6.000000000000
1325797994,6.259900000000,6.000000000000
1325798041,6.259900000000,6.000000000000
1325798043,6.260000000000,1.000000000000
1325798056,6.259900000000,2.056556340000
1325798087,6.259900000000,6.000000000000
1325798100,6.272670000000,0.200000000000
1325798139,6.260000000000,1.500000000000
1325798139,6.259900000000,4.500000000000
1325798168,6.272670000000,0.143086290000
1325798168,6.289980000000,0.056913710000
1325798177,6.259900000000,1.028278170000
1325798222,6.272550000000,0.200000000000
1325798273,6.259900000000,2.000000000000
1325798284,6.259900000000,0.200000000000
1325798297,6.259900000000,2.000000000000
1325798304,6.259900000000,3.787300000000
1325798304,6.259900000000,5.000000000000
1325798330,6.272350000000,2.000000000000
1325798346,6.272350000000,0.200000000000
1325798367,6.272350000000,1.000000000000
1325798407,6.272350000000,0.200000000000
1325798424,6.259900000000,1.184581080000
1325798427,6.272250000000,6.000000000000
1325798433,6.272350000000,7.962489330000
1325798458,6.272350000000,7.962489330000
1325798464,6.272360000000,32.037510670000
1325798469,6.272450000000,0.200000000000
1325798488,6.272250000000,0.497200000000
1325798499,6.272250000000,5.502800000000
1325798506,6.272250000000,0.111450000000
1325798523,6.272250000000,2.197950000000
1325798529,6.272350000000,0.200000000000
1325798591,6.272350000000,0.200000000000
1325798612,6.270000000000,1.000000000000
1325798628,6.272250000000,0.100000000000
1325798640,6.272250000000,5.900000000000
1325798640,6.272450000000,0.822066730000
1325798663,6.280000000000,53.169305150000
1325798664,6.280000000000,6.000000000000
1325798672,6.280000000000,8.057838290000
1325798687,6.285000000000,0.100000000000
1325798688,6.280000000000,1.720000000000
1325798693,6.280000000000,0.339827970000
1325798735,6.284900000000,6.000000000000
1325798743,6.284900000000,4.000000000000
1325798756,6.284400000000,0.100000000000
1325798782,6.280100000000,1.000000000000
1325798791,6.284890000000,1.000000000000
1325798791,6.284900000000,6.000000000000
1325798791,6.284900000000,23.729775840000
1325798791,6.285000000000,2.900000000000
1325798791,6.285000000000,10.169903930000
1325798791,6.289700000000,0.400000000000
1325798791,6.290000000000,1.139637270000
1325798791,6.294220000000,1.740519900000
1325798791,6.299000000000,4.000000000000
1325798791,6.299100000000,3.076444700000
1325798791,6.299900000000,0.029706200000
1325798791,6.299950000000,0.100000000000
1325798791,6.300000000000,63.043468260000
1325798792,6.300000000000,89.408904210000
1325798792,6.300000000000,1.000000000000
1325798792,6.300000000000,0.100000000000
1325798792,6.300000000000,5.010000000000
1325798792,6.300000000000,9.900000000000
1325798802,6.300000000000,28.000000000000
1325798805,6.300000000000,6.000000000000
1325798810,6.300000000000,2.000000000000
1325798811,6.300100000000,0.100000000000
1325798825,6.300000000000,4.000000000000
1325798826,6.280000000000,0.499500000000
1325798828,6.300100000000,0.403000000000
1325798862,6.300100000000,6.000000000000
1325798862,6.300100000000,9.469800000000
1325798862,6.300100000000,1.000000000000
1325798862,6.300000000000,14.530200000000
1325798874,6.300000000000,0.116315000000
1325798876,6.301520000000,0.010536400000
1325798876,6.301520000000,0.010735200000
1325798876,6.301520000000,0.010834600000
1325798877,6.301520000000,0.967893800000
1325798877,6.300000000000,20.122106200000
1325798888,6.302220000000,0.128810000000
1325798888,6.306360000000,0.370218530000
1325798888,6.307380000000,0.230290000000
1325798888,6.308500000000,0.383136810000
1325798888,6.308830000000,0.030200000000
1325798888,6.309130000000,0.345213130000
1325798889,6.310000000000,0.100000000000
1325798889,6.310000000000,0.200000000000
1325798889,6.310000000000,2.141831530000
1325798900,6.300000000000,1.000000000000
1325798914,6.301420000000,0.013084350000
1325798925,6.300000000000,1.145000000000
1325798935,6.301420000000,0.054962210000
1325798957,6.301420000000,1.000000000000
1325798971,6.301420000000,5.000000000000
1325798973,6.301420000000,2.000000000000
1325798975,6.301420000000,3.000000000000
1325798996,6.300000000000,1.000000000000
1325799038,6.300000000000,39.338018490000
1325799044,6.300000000000,1.000000000000
1325799063,6.300000000000,0.100000000000
1325799070,6.300000000000,3.407725390000
1325799124,6.282000000000,0.100000000000
1325799151,6.282000000000,0.900000000000
1325799183,6.299800000000,28.676950000000
1325799183,6.299900000000,6.000000000000
1325799183,6.300000000000,0.360000000000
1325799187,6.300000000000,0.100000000000
1325799187,6.300000000000,6.000000000000
1325799235,6.303930000000,0.021868000000
1325799235,6.303930000000,4.683332000000
1325799235,6.300000000000,0.500000000000
1325799235,6.300000000000,0.816668000000
1325799298,6.282000000000,39.500000000000
1325799300,6.282000000000,0.246000000000
1325799313,6.282000000000,0.100000000000
1325799364,6.282000000000,0.649145190000
1325799374,6.306520000000,0.100000000000
1325799376,6.282000000000,0.310000000000
1325799378,6.282000000000,0.040854810000
1325799435,6.281900000000,0.100000000000
1325799438,6.281900000000,1.960000000000
1325799442,6.281900000000,3.940000000000
1325799442,6.282000000000,21.060000000000
1325799467,6.281500000000,10.000000000000
1325799485,6.281900000000,0.050000000000
1325799495,6.281490000000,0.100000000000
1325799519,6.281490000000,2.000000000000
1325799535,6.270000000000,1.930000000000
1325799541,6.281390000000,1.000000000000
1325799555,6.281390000000,0.100000000000
1325799573,6.280000000000,9.061429640000
1325799573,6.281390000000,6.000000000000
1325799576,6.281490000000,1.000000000000
1325799611,6.281490000000,1.000000000000
1325799619,6.281390000000,5.000000000000
1325799620,6.281390000000,0.100000000000
1325799622,6.281390000000,0.900000000000
1325799622,6.281490000000,16.495369720000
1325799655,6.281490000000,3.964630280000
1325799655,6.282000000000,8.940000000000
1325799655,6.290000000000,1.060000000000
1325799670,6.300000000000,6.000000000000
1325799677,6.306620000000,0.010735200000
1325799677,6.310000000000,0.010086800000
1325799678,6.310000000000,0.010484800000
1325799678,6.310050000000,0.068693200000
1325799695,6.310050000000,0.312883110000
1325799742,6.310050000000,4.000000000000
1325799752,6.311600000000,4.846869250000
1325799791,6.310050000000,0.089000000000
1325799791,6.311600000000,3.713544900000
1325799799,6.311600000000,0.100000000000
1325799809,6.300000000000,50.000000000000
1325799849,6.311600000000,1.000000000000
1325799889,6.311600000000,1.186455100000
1325799889,6.311700000000,0.010735200000
1325799889,6.311920000000,0.010437000000
1325799889,6.311990000000,0.173130000000
1325799889,6.312010000000,0.010735200000
1325799889,6.312400000000,0.043170000000
1325799889,6.312920000000,0.010834600000
1325799889,6.313410000000,0.071608820000
1325799890,6.314230000000,0.010536400000
1325799890,6.315100000000,0.010337600000
1325799890,6.315880000000,0.010337600000
1325799890,6.317000000000,5.000000000000
1325799890,6.318100000000,1.115669410000
1325799890,6.319000000000,30.000000000000
1325799890,6.319000000000,7.600000000000
1325799890,6.319010000000,9.900000000000
1325799890,6.319130000000,0.010834600000
1325799890,6.319190000000,2.183011370000
1325799890,6.319990000000,0.010000000000
1325799890,6.320000000000,0.100000000000
1325799890,6.320000000000,0.100000000000
1325799890,6.320000000000,5.549000000000
1325799890,6.320000000000,0.010085600000
1325799891,6.320000000000,0.010484200000
1325799891,6.320000000000,5.000000000000
1325799891,6.320200000000,0.057860000000
1325799891,6.320470000000,1.168360000000
1325799891,6.321000000000,1.038735000000
1325799891,6.321780000000,0.010834600000
1325799891,6.322460000000,0.010660000000
1325799891,6.322660000000,0.284410000000
1325799891,6.323220000000,0.070450000000
1325799891,6.326020000000,3.122540300000
1325799891,6.326250000000,0.316910000000
1325799891,6.327380000000,0.206140000000
1325799891,6.328200000000,0.154000000000
1325799891,6.329270000000,2.431619550000
1325799891,6.329630000000,0.010337600000
1325799891,6.329950000000,1.080001600000
1325799891,6.330000000000,0.100000000000
1325799891,6.330000000000,0.100000000000
1325799891,6.330000000000,30.000000000000
1325799891,6.330000000000,1.988000000000
1325799892,6.330000000000,0.010084400000
1325799892,6.330000000000,0.010483600000
1325799892,6.330000000000,15.000000000000
1325799892,6.330880000000,0.014930000000
1325799892,6.332060000000,0.010635800000
1325799892,6.332290000000,0.010834600000
1325799892,6.332450000000,0.166750000000
1325799892,6.334240000000,0.392660000000
1325799892,6.336290000000,0.031290000000
1325799892,6.338220000000,0.361310000000
1325799892,6.338950000000,0.375426710000
1325799892,6.339000000000,10.000000000000
1325799892,6.339000000000,1.000000000000
1325799892,6.339170000000,5.525293450000
1325799892,6.339960000000,1.510000000000
1325799892,6.340000000000,0.097323000000
1325799892,6.340000000000,0.100000000000
1325799892,6.340000000000,0.010078800000
1325799892,6.340000000000,0.010482800000
1325799893,6.340000000000,50.000000000000
1325799893,6.340210000000,66.000000000000
1325799893,6.340920000000,0.044990000000
1325799893,6.340920000000,0.078760000000
1325799893,6.341080000000,0.011370000000
1325799893,6.342000000000,0.086000000000
1325799893,6.342770000000,0.882560000000
1325799893,6.342840000000,0.510000000000
1325799893,6.342870000000,0.315300000000
1325799893,6.342870000000,0.730000000000
1325799893,6.343200000000,0.018750000000
1325799893,6.343860000000,0.066860000000
1325799893,6.345000000000,4.270000000000
1325799893,6.345680000000,0.207620000000
1325799893,6.346730000000,4.163340000000
1325799893,6.347730000000,0.039390000000
1325799893,6.348280000000,0.385972080000
1325799893,6.348970000000,1.230000000000
1325799893,6.349000000000,100.435778650000
1325799893,6.350000000000,0.100000000000
1325799893,6.350000000000,0.100000000000
1325799893,6.350000000000,5.900000000000
1325799894,6.350000000000,1.000000000000
1325799894,6.350000000000,1.000000000000
1325799894,6.350000000000,4.655000000000
1325799894,6.350000000000,2.000000000000
1325799894,6.350000000000,0.100000000000
1325799894,6.350000000000,10.742464760000
1325799915,6.348000000000,6.000000000000
1325799929,6.311600000000,1.000000000000
1325799929,6.311600000000,9.000000000000
1325799930,6.311600000000,0.001000000000
1325799939,6.315500000000,10.000000000000
1325799958,6.315500000000,2.987107000000
1325799965,6.347000000000,29.720000000000
1325799966,6.347970000000,0.567528740000
1325799966,6.348000000000,63.699000000000
1325799966,6.350000000000,19.257535240000
1325799966,6.350000000000,0.036200000000
1325799966,6.350000000000,0.500000000000
1325799966,6.350000000000,0.010077200000
1325799966,6.350000000000,3.983370300000
1325799966,6.350000000000,0.010481600000
1325799966,6.350000000000,1.000000000000
1325799966,6.350000000000,4.040013600000
1325799966,6.350000000000,1.000000000000
1325799966,6.350000000000,1.000000000000
1325799966,6.350000000000,9.999000000000
1325799966,6.350000000000,0.100000000000
1325799966,6.350000000000,3.000000000000
1325799966,6.350000000000,1.000000000000
1325799972,6.350000000000,28.460000000000
1325799975,6.350000000000,0.892188350000
1325799976,6.350000000000,2.577000000000
1325800005,6.350100000000,25.000000000000
1325800020,6.350000000000,5.000000000000
1325800063,6.350100000000,3.329855540000
1325800063,6.350140000000,0.010834600000
1325800064,6.350340000000,0.322162580000
1325800064,6.350760000000,9.900000000000
1325800064,6.351110000000,8.791500000000
1325800064,6.352000000000,14.800000000000
1325800064,6.354090000000,0.250000000000
1325800064,6.354900000000,8.793102380000
1325800064,6.354900000000,16.767333860000
1325800084,6.350140000000,0.250000000000
1325800084,6.350000000000,5.750000000000
1325800108,6.353900000000,0.064100000000
1325800108,6.353900000000,8.434856660000
1325800139,6.353900000000,3.565143340000
1325800139,6.353900000000,2.000000000000
1325800139,6.350000000000,4.434856660000
1325800189,6.353900000000,0.121132000000
1325800203,6.354900000000,2.000000000000
1325800210,6.353900000000,0.060870340000
1325800210,6.353900000000,1.817997660000
1325800210,6.350000000000,51.635148310000
1325800239,6.343520000000,1.149231650000
1325800239,6.350000000000,38.197768350000
1325800246,6.350000000000,2.000000000000
1325800257,6.354900000000,20.794464970000
1325800257,6.354900000000,1.645098790000
1325800257,6.354900000000,0.323637310000
1325800257,6.354900000000,2.549687000000
1325800257,6.355000000000,0.036200000000
1325800257,6.357970000000,1.026832470000
1325800257,6.358000000000,1.030000000000
1325800257,6.358550000000,1.162548860000
1325800257,6.359000000000,42.225995570000
1325800258,6.359000000000,4.320572410000
1325800269,6.350000000000,10.000000000000
1325800269,6.321090000000,1.150509610000
1325800286,6.320000000000,0.100000000000
1325800290,6.320000000000,10.000000000000
1325800297,6.320000000000,0.033000000000
1325800314,6.320000000000,0.716490390000
1325800348,6.320000000000,9.283509610000
1325800348,6.316600000000,4.519999990000
1325800348,6.316550000000,0.263511070000
1325800348,6.315500000000,4.576323330000
1325800348,6.311600000000,18.999000000000
1325800348,6.303620000000,0.010880000000
1325800348,6.301000000000,29.720000000000
1325800349,6.300170000000,0.663035210000
1325800349,6.300100000000,14.720000000000
1325800349,6.300020000000,10.000000000000
1325800349,6.300000000000,7.243740790000
1325800420,6.330000000000,5.000000000000
1325800471,6.300100000000,0.370000000000
1325800471,6.330000000000,39.270000000000
1325800475,6.300000000000,3.327676300000
1325800478,6.330000000000,0.100000000000
1325800539,6.330000000000,0.100000000000
1325800601,6.330000000000,0.100000000000
1325800611,6.330000000000,50.000000000000
1325800634,6.330000000000,10.000000000000
1325800638,6.300000000000,7.113473010000
1325800638,6.300000000000,6.000000000000
1325800639,6.300000000000,2.582100000000
1325800644,6.300000000000,40.000000000000
1325800651,6.298960000000,0.248010420000
1325800651,6.295300000000,0.035939400000
1325800651,6.291640000000,0.255854950000
1325800662,6.300000000000,0.100000000000
1325800674,6.300000000000,10.000000000000
1325800687,6.300000000000,30.000000000000
1325800698,6.291740000000,0.010700000000
1325800698,6.291640000000,0.035939400000
1325800723,6.291640000000,0.053360600000
1325800723,6.300000000000,0.046639400000
1325800754,6.300000000000,1.587300000000
1325800758,6.300000000000,0.986584120000
1325800787,6.300000000000,0.100000000000
1325800834,6.300000000000,1.483903470000
1325800845,6.330000000000,0.100000000000
1325800872,6.300000000000,1.500000000000
1325800908,6.330000000000,0.100000000000
1325800974,6.330000000000,0.100000000000
1325800991,6.302430000000,1.327589460000
1325800991,6.300000000000,23.211853750000
1325801031,6.330000000000,0.100000000000
1325801058,6.330000000000,0.239115350000
1325801058,6.330000000000,17.986784650000
1325801072,6.300000000000,10.705380000000
1325801076,6.330000000000,5.026641200000
1325801092,6.330000000000,0.100000000000
1325801100,6.300000000000,20.000000000000
1325801100,6.300000000000,7.936500000000
1325801100,6.300000000000,5.000000000000
1325801105,6.300000000000,18.063500000000
1325801105,6.330000000000,1.936500000000
1325801154,6.327310000000,0.100000000000
1325801221,6.327310000000,0.100000000000
1325801256,6.300000000000,2.000000000000
1325801280,6.327310000000,0.100000000000
1325801290,6.327310000000,1.103694650000
1325801341,6.333640000000,0.100000000000
1325801400,6.333640000000,16.436728400000
1325801400,6.340000000000,2.813268470000
1325801400,6.340000000000,2.500000000000
1325801400,6.349000000000,10.000000000000
1325801400,6.350000000000,1.000000000000
1325801400,6.355000000000,2.250003130000
1325801402,6.355000000000,0.100000000000
1325801463,6.355000000000,0.100000000000
1325801509,6.355000000000,8.606171510000
1325801525,6.355000000000,0.100000000000
1325801532,6.350000000000,59.900000000000
1325801587,6.330000000000,0.100000000000
1325801623,6.330000000000,4.000000000000
1325801636,6.330000000000,100.000000000000
1325801647,6.347000000000,0.100000000000
1325801673,6.330000000000,75.800000000000
1325801709,6.347050000000,0.100000000000
1325801772,6.340000000000,0.100000000000
1325801809,6.340000000000,19.900000000000
1325801809,6.347050000000,1.353788000000
1325801809,6.347100000000,10.858641610000
1325801809,6.350000000000,17.887570390000
1325801831,6.350000000000,0.100000000000
1325801900,6.350000000000,0.100000000000
1325801941,6.335000000000,2.000000000000
1325801954,6.350000000000,0.100000000000
1325801969,6.335000000000,23.000000000000
1325801969,6.330000000000,57.200000000000
1325801969,6.311190000000,7.901345310000
1325801969,6.306250000000,1.774911290000
1325801969,6.303000000000,3.015984720000
1325801970,6.300330000000,0.310141440000
1325801970,6.300000000000,180.851847360000
1325801974,6.350000000000,24.480897870000
1325801980,6.350000000000,2.000000000000
1325801981,6.350000000000,27.420000000000
1325801982,6.350000000000,4.972000000000
1325801982,6.350000000000,16.192000000000
1325801985,6.355000000000,9.296067360000
1325801985,6.358900000000,20.703932640000
1325801988,6.350000000000,32.000000000000
1325801990,6.350000000000,0.212989350000
1325802003,6.350000000000,0.832845070000
1325802025,6.359840000000,0.100000000000
1325802025,6.359840000000,0.183985810000
1325802026,6.359990000000,0.010000000000
1325802026,6.359990000000,39.806014190000
1325802051,6.350000000000,50.000000000000
1325802056,6.359990000000,85.815985800000
1325802056,6.360000000000,42.336128930000
1325802060,6.360000000000,50.000000000000
1325802081,6.350000000000,1.000000000000
1325802082,6.360000000000,0.100000000000
1325802102,6.360000000000,528.473346460000
1325802102,6.360000000000,0.100000000000
1325802102,6.360000000000,0.100000000000
1325802102,6.360000000000,8.811579820000
1325802102,6.360000000000,0.328020000000
1325802102,6.360000000000,1.000000000000
1325802102,6.360000000000,0.010075600000
1325802103,6.360000000000,0.010480800000
1325802103,6.360000000000,20.500000000000
1325802103,6.360000000000,10.000000000000
1325802103,6.360730000000,0.184081540000
1325802103,6.360950000000,0.010735200000
1325802103,6.361400000000,0.142580000000
1325802103,6.361960000000,2.937456810000
1325802103,6.362050000000,0.259270000000
1325802103,6.362820000000,1.615406440000
1325802103,6.363460000000,0.207091730000
1325802103,6.363770000000,0.016130000000
1325802103,6.369900000000,0.100000000000
1325802103,6.369900000000,0.029652280000
1325802103,6.370000000000,15.140000000000
1325802103,6.370000000000,0.100000000000
1325802103,6.370000000000,0.010480000000
1325802104,6.370000000000,0.010082800000
1325802104,6.370000000000,5.000000000000
1325802104,6.370620000000,0.090960000000
1325802104,6.373400000000,3.010579410000
1325802104,6.374480000000,0.022040000000
1325802104,6.378990000000,0.078930000000
1325802104,6.379700000000,0.059960000000
1325802104,6.379880000000,1.101800000000
1325802104,6.380000000000,0.100000000000
1325802104,6.380000000000,0.100000000000
1325802104,6.380000000000,0.010479200000
1325802104,6.380000000000,0.010081200000
1325802104,6.380000000000,1.000000000000
1325802104,6.386440000000,0.082470000000
1325802104,6.388000000000,4.890000000000
1325802104,6.388010000000,0.942789030000
1325802104,6.390000000000,10.000000000000
1325802104,6.390000000000,0.100000000000
1325802104,6.390000000000,0.100000000000
1325802105,6.390000000000,10.000000000000
1325802105,6.390000000000,0.010478800000
1325802105,6.390000000000,0.010079600000
1325802105,6.390000000000,0.500000000000
1325802105,6.390070000000,0.886379250000
1325802105,6.393750000000,0.259650000000
1325802105,6.394730000000,0.059990000000
1325802105,6.396710000000,0.248140000000
1325802105,6.397350000000,0.313313350000
1325802105,6.399000000000,2.675729750000
1325802105,6.399000000000,29.039956050000
1325802105,6.399550000000,0.847530000000
1325802105,6.399610000000,0.230101920000
1325802105,6.399990000000,0.006785000000
1325802105,6.400000000000,10.000000000000
1325802105,6.400000000000,25.000000000000
1325802105,6.400000000000,26.000000000000
1325802105,6.400000000000,10.000000000000
1325802105,6.400000000000,1.400000000000
1325802105,6.400000000000,100.000000000000
1325802106,6.400000000000,0.100000000000
1325802106,6.400000000000,1.000000000000
1325802106,6.400000000000,0.100000000000
1325802106,6.400000000000,5.900000000000
1325802106,6.400000000000,1.000000000000
1325802106,6.400000000000,4.942700000000
1325802106,6.400000000000,1.000000000000
1325802106,6.400000000000,55.756451790000
1325802106,6.400000000000,10.000000000000
1325802106,6.400000000000,4.160391300000
1325802106,6.400000000000,5.000000000000
1325802106,6.400000000000,10.000000000000
1325802106,6.400000000000,1.000000000000
1325802106,6.400000000000,1.422215200000
1325802106,6.400000000000,0.010478400000
1325802106,6.400000000000,0.286814600000
1325802106,6.400000000000,20.760000000000
1325802106,6.400000000000,4.000000000000
1325802106,6.400000000000,30.000000000000
1325802106,6.400000000000,0.100000000000
1325802106,6.400000000000,1.100000000000
1325802106,6.400000000000,2.000000000000
1325802106,6.400000000000,36.845456670000
1325802132,6.369000000000,1.335439730000
1325802132,6.399980000000,4.664560270000
1325802146,6.399980000000,0.100000000000
1325802156,6.399980000000,51.575439730000
1325802156,6.400000000000,22.694543330000
1325802156,6.400000000000,23.371943400000
1325802156,6.400000000000,1.000000000000
1325802156,6.400000000000,4.519999990000
1325802156,6.400000000000,13.100000000000
1325802156,6.400090000000,4.101280000000
1325802156,6.400580000000,0.416683060000
1325802156,6.401750000000,2.390620000000
1325802156,6.403090000000,1.422169470000
1325802157,6.405000000000,0.100000000000
1325802157,6.406670000000,16.897070000000
1325802157,6.409450000000,0.428102870000
1325802157,6.409900000000,0.100000000000
1325802157,6.410000000000,50.000000000000
1325802157,6.410000000000,0.100000000000
1325802157,6.410000000000,0.010478000000
1325802157,6.410000000000,37.404672400000
1325802157,6.410030000000,0.011530000000
1325802157,6.412500000000,0.446270000000
1325802157,6.413160000000,0.176320000000
1325802157,6.413580000000,0.059930000000
1325802157,6.414790000000,0.062800000000
1325802157,6.420000000000,54.517100000000
1325802157,6.420000000000,0.100000000000
1325802157,6.420000000000,0.100000000000
1325802157,6.420000000000,0.010477200000
1325802157,6.420000000000,5.000000000000
1325802157,6.422100000000,100.361346830000
1325802157,6.422460000000,0.016450000000
1325802158,6.425690000000,0.015500000000
1325802158,6.425770000000,2.853475500000
1325802158,6.426000000000,0.103000000000
1325802158,6.426000000000,0.000156330000
1325802158,6.427400000000,0.653500000000
1325802158,6.428100000000,9.900000000000
1325802158,6.428340000000,0.125670000000
1325802158,6.428380000000,0.314730450000
1325802158,6.430000000000,0.100000000000
1325802158,6.430000000000,40.000000000000
1325802158,6.430000000000,0.100000000000
1325802158,6.430000000000,0.010476400000
1325802158,6.430760000000,0.442791820000
1325802158,6.430940000000,1.728720000000
1325802158,6.432100000000,53.156753220000
1325802161,6.395690000000,0.405300000000
1325802181,6.395690000000,1.157303280000
1325802190,6.395690000000,16.860000000000
1325802198,6.355050000000,0.185168520000
1325802198,6.352680000000,0.208314590000
1325802198,6.350560000000,1.720168410000
1325802204,6.400000000000,0.100000000000
1325802211,6.400000000000,3.157592480000
1325802212,6.400000000000,1.532037020000
1325802218,6.432000000000,4.519999990000
1325802218,6.432000000000,14.720000000000
1325802218,6.432100000000,46.843246780000
1325802218,6.432100000000,1.000000000000
1325802218,6.432100000000,29.354044080000
1325802218,6.435000000000,10.000000000000
1325802218,6.435340000000,0.033830000000
1325802218,6.436350000000,0.570007500000
1325802218,6.438000000000,0.010000000000
1325802218,6.438000000000,20.000000000000
1325802218,6.438190000000,4.830000000000
1325802218,6.438310000000,0.045836380000
1325802218,6.439900000000,0.029171340000
1325802218,6.440000000000,219.570000000000
1325802218,6.440000000000,0.064000000000
1325802218,6.440000000000,0.100000000000
1325802218,6.440000000000,0.100000000000
1325802218,6.440000000000,0.005701920000
1325802219,6.440000000000,1.000000000000
1325802219,6.440000000000,50.000000000000
1325802219,6.440330000000,0.748777440000
1325802219,6.441200000000,0.075370000000
1325802219,6.445000000000,1.240000000000
1325802219,6.445390000000,0.250000000000
1325802219,6.447870000000,0.051725950000
1325802219,6.448000000000,5.169000000000
1325802219,6.448220000000,0.090650000000
1325802219,6.448950000000,0.141340000000
1325802219,6.449000000000,15.000000000000
1325802219,6.449390000000,2.227460000000
1325802219,6.449990000000,0.010000000000
1325802219,6.450000000000,0.100000000000
1325802219,6.450000000000,1.000000000000
1325802219,6.450000000000,0.500000000000
1325802219,6.450000000000,56.630000000000
1325802219,6.450000000000,0.100000000000
1325802219,6.450000000000,5.900000000000
1325802219,6.450000000000,2.000000000000
1325802230,6.450000000000,0.774289280000
1325802233,6.450000000000,5.195549340000
1325802233,6.435340000000,0.250000000000
1325802242,6.449900000000,1.000000000000
1325802243,6.450200000000,4.288890000000
1325802243,6.456250000000,0.248480000000
1325802243,6.459290000000,1.010264380000
1325802243,6.460000000000,1.000000000000
1325802243,6.460000000000,0.100000000000
1325802243,6.461200000000,3.217859390000
1325802243,6.462000000000,3.000000000000
1325802243,6.465050000000,0.036610000000
1325802243,6.467000000000,4.014069890000
1325802248,6.428980000000,0.000298200000
1325802253,6.450200000000,2.604301800000
1325802286,6.439980000000,59.790000000000
1325802286,6.440000000000,50.000000000000
1325802295,6.440000000000,56.690000000000
1325802302,6.440000000000,5.000000000000
1325802311,6.459170000000,1.974838240000
1325802311,6.467000000000,20.985930110000
1325802311,6.468380000000,0.190269900000
1325802311,6.470000000000,0.151020600000
1325802311,6.470000000000,10.000000000000
1325802312,6.470470000000,0.161179940000
1325802317,6.440000000000,28.520000000000
1325802350,6.439980000000,15.528000000000
1325802364,6.460000000000,3.100000000000
1325802364,6.460000000000,27.190000000000
1325802380,6.460000000000,3.225000000000
1325802413,6.460000000000,1.000010000000
1325802413,6.470470000000,8.652620060000
1325802413,6.470800000000,0.979731670000
1325802413,6.472540000000,0.023000000000
1325802414,6.472890000000,0.736770000000
1325802414,6.474220000000,2.357723260000
1325802414,6.477860000000,0.133040000000
1325802414,6.478990000000,0.232520310000
1325802414,6.480000000000,4.000000000000
1325802414,6.480000000000,0.150975400000
1325802414,6.480000000000,100.000000000000
1325802414,6.480000000000,2.000000000000
1325802414,6.480000000000,50.745000000000
1325802414,6.480200000000,0.136490000000
1325802414,6.480850000000,0.728570780000
1325802414,6.482740000000,0.211530000000
1325802414,6.483580000000,3.970420000000
1325802414,6.483690000000,0.155030000000
1325802414,6.484400000000,0.253112110000
1325802414,6.485000000000,0.200000000000
1325802414,6.486660000000,1.866666670000
1325802414,6.487000000000,0.029900000000
1325802414,6.489000000000,72.436899740000
1325802422,6.460000000000,5.000000000000
1325802446,6.460020000000,0.558866000000
1325802503,6.460020000000,9.441134000000
1325802503,6.460000000000,21.381469670000
1325802506,6.470500000000,0.977277740000
1325802506,6.488980000000,29.633769860000
1325802512,6.460000000000,50.000000000000
1325802516,6.470480000000,0.549321200000
1325802516,6.470500000000,0.418833320000
1325802516,6.488980000000,14.100225470000
1325802517,6.488980000000,6.056004670000
1325802517,6.489000000000,27.563100260000
1325802517,6.490000000000,0.967294290000
1325802521,6.460000000000,50.000000000000
1325802525,6.490000000000,1.032705710000
1325802525,6.490000000000,2.000000000000
1325802525,6.490000000000,10.000000000000
1325802525,6.490000000000,2.380895070000
1325802525,6.490000000000,1.189834370000
1325802525,6.490000000000,3.000000000000
1325802525,6.490000000000,10.000000000000
1325802525,6.490000000000,0.150930200000
1325802525,6.490000000000,1.000000000000
1325802525,6.490000000000,18.890086280000
1325802543,6.480000000000,74.756385840000
1325802576,6.480000000000,0.100000000000
1325802579,6.490000000000,9.905153720000
1325802581,6.490000000000,5.503146280000
1325802588,6.489980000000,20.486853720000
1325802588,6.493950000000,0.053710000000
1325802588,6.494070000000,0.549428910000
1325802588,6.495000000000,2.000000000000
1325802588,6.496000000000,0.086000000000
1325802588,6.497210000000,0.055590000000
1325802588,6.497370000000,2.088539010000
1325802588,6.498980000000,10.000000000000
1325802588,6.499000000000,12.000000000000
1325802588,6.499060000000,4.676355430000
1325802588,6.500000000000,5.000000000000
1325802588,6.500000000000,3.000000000000
1325802588,6.500000000000,10.934000000000
1325802588,6.500000000000,1.000000000000
1325802588,6.500000000000,0.180000000000
1325802588,6.500000000000,5.000000000000
1325802588,6.500000000000,1.000000000000
1325802588,6.500000000000,1.000000000000
1325802588,6.500000000000,3.000000000000
1325802589,6.500000000000,1.000000000000
1325802589,6.500000000000,10.000000000000
1325802589,6.500000000000,10.000000000000
1325802589,6.500000000000,0.191048600000
1325802589,6.500000000000,2.000000000000
1325802589,6.500000000000,7.600000000000
1325802589,6.500000000000,10.000000000000
1325802589,6.500000000000,2.000000000000
1325802589,6.500000000000,20.000000000000
1325802589,6.500000000000,2.000000000000
1325802589,6.500000000000,23.098474330000
1325802592,6.480000000000,1.650000000000
1325802608,6.470580000000,0.549321200000
1325802608,6.470500000000,4.450678800000
1325802622,6.480000000000,66.365165120000
1325802663,6.479980000000,5.000000000000
1325802698,6.470490000000,0.100000000000
1325802701,6.470480000000,0.099400000000
1325802708,6.470490000000,0.200000000000
1325802710,6.470480000000,0.198800000000
1325802730,6.470480000000,0.141256960000
1325802737,6.470470000000,25.258743040000
1325802737,6.470490000000,12.920000000000
1325802738,6.470490000000,14.290000000000
1325802747,6.480000000000,0.931256960000
1325802750,6.470470000000,23.788743040000
1325802752,6.480000000000,25.000000000000
1325802759,6.452190000000,0.100000000000
1325802778,6.452190000000,1.199387520000
1325802794,6.452190000000,0.800612480000
1325802813,6.455000000000,1.410081170000
1325802871,6.455000000000,10.000000000000
1325802873,6.470000000000,0.200000000000
1325802911,6.488850000000,1.314073830000
1325802911,6.488900000000,9.900000000000
1325802911,6.490000000000,1.209000000000
1325802911,6.494190000000,2.200909520000
1325802911,6.500000000000,35.376016650000
1325802934,6.500000000000,41.525509020000
1325802934,6.500000000000,0.148522600000
1325802934,6.500000000000,30.881241530000
1325802937,6.470000000000,0.990000000000
1325802940,6.470000000000,11.970000000000
1325802982,6.470100000000,30.000000000000
1325803003,6.490000000000,0.100000000000
1325803007,6.490000000000,9.250000000000
1325803012,6.490000000000,0.750000000000
1325803012,6.500000000000,13.170612300000
1325803062,6.499000000000,6.000000000000
1325803062,6.490000000000,6.440000000000
1325803066,6.490000000000,0.100000000000
1325803101,6.490000000000,0.013379950000
1325803105,6.499000000000,15.481440220000
1325803130,6.490000000000,0.100000000000
1325803137,6.490000000000,0.730000000000
1325803155,6.499000000000,2.878305890000
1325803163,6.490000000000,19.950000000000
1325803180,6.499000000000,15.000000000000
1325803181,6.490000000000,2.666620050000
1325803188,6.490000000000,4.833379950000
1325803188,6.490000000000,10.000000000000
1325803188,6.499000000000,60.640253890000
1325803188,6.499000000000,9.172388400000
1325803188,6.500000000000,87.248146170000
1325803188,6.500000000000,5.292056000000
1325803188,6.500000000000,2.844322410000
1325803188,6.500000000000,1.000000000000
1325803188,6.500000000000,10.714826130000
1325803188,6.500000000000,100.000000000000
1325803189,6.500000000000,1.000000000000
1325803189,6.500000000000,24.000000000000
1325803189,6.500000000000,0.994000000000
1325803189,6.500000000000,1.000000000000
1325803189,6.500000000000,3.020000000000
1325803189,6.500000000000,10.000000000000
1325803189,6.500000000000,1.000000000000
1325803189,6.500000000000,5.000000000000
1325803189,6.500000000000,1.000000000000
1325803189,6.500000000000,3.858121320000
1325803189,6.500000000000,5.000000000000
1325803189,6.500000000000,0.520000000000
1325803189,6.500000000000,10.000000000000
1325803189,6.500000000000,1.000000000000
1325803189,6.500000000000,20.000000000000
1325803189,6.500000000000,0.150869800000
1325803189,6.500000000000,89.375000000000
1325803189,6.500000000000,9.940000000000
1325803189,6.500000000000,0.101025580000
1325803189,6.500000000000,5.000000000000
1325803189,6.500000000000,0.640000000000
1325803189,6.500000000000,2.000000000000
1325803189,6.500000000000,3.175536920000
1325803189,6.500000000000,0.735200000000
1325803189,6.500000000000,1.000000000000
1325803190,6.500000000000,1.000000000000
1325803190,6.500000000000,10.177164000000
1325803190,6.500000000000,2.000000000000
1325803190,6.500000000000,30.000000000000
1325803190,6.500000000000,5.000000000000
1325803190,6.500000000000,5.000000000000
1325803190,6.500000000000,2.000000000000
1325803190,6.500000000000,2.994000000000
1325803190,6.500000000000,44.950000000000
1325803190,6.500000000000,20.000000000000
1325803190,6.500000000000,1.367426680000
1325803190,6.500000000000,0.792672500000
1325803190,6.500000000000,5.900000000000
1325803190,6.500000000000,4.394843000000
1325803190,6.500000000000,100.000000000000
1325803190,6.500000000000,1.000000000000
1325803190,6.500000000000,3.000000000000
1325803190,6.500000000000,3.931023600000
1325803193,6.500000000000,40.000000000000
1325803193,6.500000000000,0.100000000000
1325803197,6.500000000000,1.000000000000
1325803198,6.500000000000,1.041236210000
1325803215,6.500000000000,0.096507440000
1325803215,6.499000000000,4.903492560000
1325803239,6.500610000000,11.028085180000
1325803239,6.500610000000,6.000000000000
1325803239,6.500610000000,14.944844930000
1325803239,6.500610000000,1.000000000000
1325803243,6.500610000000,0.170000000000
1325803247,6.500610000000,6.000000000000
1325803253,6.500610000000,1.340000000000
1325803260,6.500610000000,0.100000000000
1325803262,6.503000000000,1.110000000000
1325803262,6.503560000000,0.500000000000
1325803262,6.503560000000,5.000000000000
1325803262,6.509900000000,0.028700700000
1325803263,6.510000000000,0.150809600000
1325803263,6.510000000000,0.200000000000
1325803263,6.510000000000,0.036200000000
1325803263,6.510000000000,0.994000000000
1325803263,6.511000000000,5.000000000000
1325803263,6.511100000000,1.000000000000
1325803263,6.513000000000,0.015500000000
1325803263,6.516480000000,2.424654220000
1325803263,6.518600000000,0.289550000000
1325803263,6.520000000000,2.300000000000
1325803263,6.520000000000,0.150749200000
1325803263,6.520000000000,5.000000000000
1325803263,6.520000000000,18.872800000000
1325803263,6.521230000000,19.894000000000
1325803263,6.522570000000,0.114190000000
1325803263,6.522570000000,0.199900000000
1325803263,6.524380000000,0.019970000000
1325803263,6.524800000000,0.412810000000
1325803263,6.525940000000,0.478360000000
1325803263,6.528000000000,2.000000000000
1325803263,6.530000000000,300.000000000000
1325803263,6.530000000000,0.150689000000
1325803270,6.530000000000,20.110680890000
1325803282,6.530000000000,50.000000000000
1325803282,6.530170000000,1.000000000000
1325803282,6.531000000000,1.000000000000
1325803282,6.531210000000,1.097827530000
1325803282,6.531870000000,0.250000000000
1325803282,6.533110000000,0.040881260000
1325803282,6.535000000000,1.928598310000
1325803290,6.535000000000,8.071401690000
1325803290,6.540000000000,0.150628600000
1325803290,6.541750000000,0.033620000000
1325803290,6.545070000000,0.575490000000
1325803290,6.547900000000,0.246610000000
1325803290,6.548190000000,4.920000000000
1325803290,6.549560000000,0.058270000000
1325803290,6.549800000000,10.000000000000
1325803290,6.550000000000,10.000000000000
1325803290,6.550000000000,7.000000000000
1325803290,6.550000000000,1.000000000000
1325803290,6.550000000000,0.150553200000
1325803291,6.550000000000,7.793426510000
1325803294,6.531000000000,0.250000000000
1325803294,6.530000000000,5.750000000000
1325803303,6.530000000000,2.800000000000
1325803306,6.530000000000,0.080000000000
1325803323,6.530000000000,0.100000000000
1325803337,6.550000000000,63.706573490000
1325803337,6.550000000000,0.500000000000
1325803337,6.550000000000,5.000000000000
1325803337,6.550000000000,2.000000000000
1325803343,6.550000000000,23.114469950000
1325803344,6.550000000000,6.000000000000
1325803354,6.550000000000,25.000000000000
1325803354,6.550000000000,33.070000000000
1325803368,6.555900000000,0.640600000000
1325803368,6.560000000000,0.073340000000
1325803368,6.560000000000,0.150492800000
1325803368,6.561190000000,1.427980400000
1325803368,6.561420000000,0.446560000000
1325803368,6.562680000000,0.118286000000
1325803368,6.562970000000,2.802370790000
1325803368,6.562970000000,0.056722350000
1325803368,6.564950000000,0.033860000000
1325803368,6.567800000000,83.306575160000
1325803368,6.568600000000,0.800000000000
1325803368,6.569490000000,211.750000000000
1325803368,6.570000000000,0.150432200000
1325803369,6.570000000000,1.301036050000
1325803369,6.570820000000,0.500000000000
1325803369,6.572920000000,0.088620000000
1325803369,6.575000000000,0.850000000000
1325803369,6.579900000000,0.028241810000
1325803369,6.580000000000,0.150371600000
1325803369,6.580000000000,50.000000000000
1325803369,6.581420000000,1.814081210000
1325803369,6.582890000000,0.059160000000
1325803369,6.585000000000,0.694810000000
1325803369,6.587210000000,1.206180000000
1325803369,6.590000000000,100.000000000000
1325803369,6.590000000000,0.150310800000
1325803369,6.590000000000,10.000000000000
1325803369,6.590010000000,0.102320000000
1325803369,6.591350000000,9.900000000000
1325803369,6.596440000000,0.288230000000
1325803369,6.599000000000,0.159050000000
1325803369,6.600000000000,3.000000000000
1325803370,6.600000000000,10.000000000000
1325803370,6.600000000000,0.159005180000
1325803370,6.600000000000,2.000000000000
1325803370,6.600000000000,5.791363650000
1325803384,6.550000000000,0.100000000000
1325803388,6.551000000000,6.000000000000
1325803395,6.599980000000,43.630000000000
1325803395,6.599990000000,0.563868110000
1325803409,6.599990000000,1.000010000000
1325803410,6.599990000000,40.180000000000
1325803410,6.600000000000,4.208636350000
1325803410,6.600000000000,10.000000000000
1325803410,6.600000000000,1.000000000000
1325803410,6.600000000000,4.928113250000
1325803410,6.600000000000,1.500000000000
1325803410,6.600000000000,8.438450400000
1325803417,6.599990000000,49.000010000000
1325803419,6.599990000000,78.880000000000
1325803428,6.599990000000,13.976087440000
1325803435,6.599990000000,1.960112060000
1325803442,6.590000000000,0.100000000000
1325803450,6.599900000000,4.039887940000
1325803450,6.599980000000,18.870000000000
1325803450,6.600000000000,1.461549600000
1325803450,6.600000000000,0.283744780000
1325803450,6.600000000000,40.000000000000
1325803450,6.600000000000,8.626184570000
1325803450,6.600000000000,23.575222720000
1325803451,6.590000000000,0.100000000000
1325803465,6.590000000000,50.000000000000
1325803465,6.590000000000,37.879400000000
1325803468,6.590000000000,46.020600000000
1325803468,6.590000000000,0.200000000000
1325803468,6.599900000000,2.279400000000
1325803468,6.580000000000,0.200000000000
1325803468,6.570000000000,0.200000000000
1325803468,6.570000000000,7.320600000000
1325803471,6.570000000000,1.500000000000
1325803472,6.600000000000,21.910600000000
1325803477,6.600000000000,22.514177280000
1325803477,6.600000000000,1.000000000000
1325803477,6.600000000000,0.150265200000
1325803477,6.600000000000,5.964000000000
1325803477,6.600000000000,35.000000000000
1325803477,6.600000000000,27.462902480000
1325803477,6.600000000000,5.900000000000
1325803477,6.602430000000,0.039210000000
1325803477,6.609090000000,0.012590000000
1325803477,6.610000000000,0.150234800000
1325803482,6.610000000000,5.000000000000
1325803484,6.610000000000,6.000000000000
1325803485,6.610000000000,0.966000000000
1325803500,6.610000000000,69.120000000000
1325803503,6.612630000000,0.010290000000
1325803503,6.615350000000,0.010520000000
1325803503,6.616000000000,200.000000000000
1325803503,6.620000000000,0.150204400000
1325803503,6.620000000000,0.828985600000
1325803504,6.620000000000,13.682392900000
1325803504,6.620000000000,10.000000000000
1325803504,6.620000000000,0.100000000000
1325803510,6.620000000000,10.542534480000
1325803511,6.620000000000,0.427483260000
1325803514,6.620000000000,0.958163140000
1325803514,6.610000000000,61.241836860000
1325803519,6.610000000000,0.958163140000
1325803520,6.610000000000,62.200000000000
1325803549,6.610000000000,15.000000000000
1325803555,6.610000000000,81.320620240000
1325803562,6.610000000000,20.000000000000
1325803565,6.600000000000,0.100000000000
1325803572,6.600000000000,1.000000000000
1325803597,6.609900000000,0.290000000000
1325803600,6.609980000000,14.590000000000
1325803600,6.609990000000,15.410000000000
1325803602,6.600000000000,4.900000000000
1325803602,6.570000000000,45.100000000000
1325803636,6.609880000000,6.000000000000
1325803636,6.609900000000,4.519999990000
1325803636,6.609900000000,1.463799990000
