1359260655,17.306130000000,8.031999990000
1359260855,17.419970000000,50.000000000000
1359261184,17.419690000000,3.316677270000
1359261236,17.419690000000,0.063000000000
1359261501,17.308200000000,7.477067230000
1359261514,17.308200000000,6.804125860000
1359261527,17.308200000000,6.191749210000
1359261552,17.308200000000,5.634481560000
1359261783,17.418680000000,5.999900000000
1359262006,17.299060000000,1.103534850000
1359262078,17.299060000000,0.010000000000
1359262125,17.300010000000,0.010000000000
1359262159,17.418600000000,0.010000000000
1359262332,17.370000000000,0.009770860000
1359262395,17.300010000000,2.460101290000
1359262458,17.300010000000,4.000000000000
1359262574,17.390000000000,3.288347900000
1359262630,17.390000000000,1.725129380000
1359262744,17.350010000000,1.000000000000
1359262769,17.300010000000,2.500000000000
1359263037,17.379990000000,0.100000000000
1359263104,17.309000000000,0.010000000000
1359263105,17.417470000000,1.990000000000
1359263121,17.300010000000,1.000000000000
1359263141,17.417460000000,0.100000000000
1359263270,17.308000000000,0.009940480000
1359263323,17.340000000000,0.010000000000
1359263323,17.400000000000,0.010000000000
1359263323,17.420000000000,0.080000000000
1359263348,17.308000000000,0.010000000000
1359263356,17.308000000000,0.009951460000
1359263385,17.308000000000,0.100000000000
1359263452,17.308000000000,0.400240920000
1359263492,17.308000000000,4.605566290000
1359263564,17.330000000000,0.100000000000
1359263602,17.399990000000,0.100000000000
1359263619,17.399990000000,0.100000000000
1359263656,17.330000000000,0.010000000000
1359263656,17.308010000000,0.190000000000
1359263803,17.310000000000,0.010000000000
1359263813,17.308010000000,0.049000000000
1359263829,17.308010000000,0.100000000000
1359263845,17.310000000000,0.010000000000
1359263845,17.310000000000,0.010000000000
1359263859,17.310000000000,0.010000000000
1359263894,17.309990000000,0.010000000000
1359263894,17.310000000000,4.651521520000
1359263923,17.310000000000,0.010000000000
1359263923,17.310000000000,0.010000000000
1359263990,17.413180000000,0.973000000000
1359264016,17.340000000000,0.059220290000
1359264020,17.340000000000,0.040779710000
1359264023,17.418900000000,27.959220290000
1359264048,17.310000000000,0.020000000000
1359264066,17.300010000000,0.100000000000
1359264080,17.310000000000,0.080000000000
1359264080,17.400000000000,0.020000000000
1359264167,17.360000000000,0.100000000000
1359264272,17.399990000000,0.100000000000
1359264287,17.310000000000,0.050000000000
1359264287,17.300000000000,0.050000000000
1359264314,17.350000000000,0.100000000000
1359264314,17.370000000000,0.050000000000
1359264315,17.370000000000,24.170437530000
1359264384,17.312000000000,0.050000000000
1359264384,17.310100000000,0.050000000000
1359264384,17.300000000000,0.910551400000
1359264384,17.299050000000,0.290350900000
1359264384,17.291090000000,0.313442440000
1359264384,17.289530000000,0.011100000000
1359264384,17.285980000000,0.319024670000
1359264384,17.285970000000,0.320656740000
1359264385,17.279090000000,0.342719750000
1359264385,17.278660000000,0.012840000000
1359264385,17.271840000000,0.362791410000
1359264385,17.270680000000,4.290622690000
1359264399,17.311000000000,0.098156660000
1359264547,17.291100000000,4.241703540000
1359264552,17.310000000000,0.001843340000
1359264561,17.310010000000,0.018156660000
1359264575,17.299910000000,3.858304260000
1359264589,17.299910000000,3.511051150000
1359264596,17.366650000000,0.010000000000
1359264602,17.299910000000,4.000000000000
1359264621,17.299910000000,0.561369070000
1359264622,17.299900000000,0.020000000000
1359264622,17.291100000000,2.613676840000
1359264622,17.366650000000,4.296123160000
1359264622,17.366650000000,0.014928610000
1359264798,17.299010000000,2.630046660000
1359264798,17.299000000000,0.049415570000
1359264799,17.298990000000,0.386372590000
1359264818,17.281000000000,0.100000000000
1359264819,17.298990000000,0.099296540000
1359264842,17.298990000000,0.803868640000
1359264851,17.299000000000,1.196131360000
1359264851,17.280960000000,0.193868640000
1359265089,17.285010000000,0.010000000000
1359265104,17.285010000000,0.500000000000
1359265110,17.285010000000,0.500000000000
1359265184,17.286110000000,2.907259000000
1359265210,17.290010000000,2.645595870000
1359265236,17.300000000000,0.200000000000
1359265237,17.290000000000,0.200000000000
1359265237,17.286100000000,0.200000000000
1359265237,17.286000000000,0.200000000000
1359265256,17.280970000000,0.076377580000
1359265263,17.349980000000,6.000000000000
1359265275,17.349980000000,0.010000000000
1359265285,17.349980000000,0.010000000000
1359265527,17.280970000000,17.000000000000
1359265847,17.340000000000,0.010000000000
1359265847,17.340100000000,0.010000000000
1359265848,17.406800000000,12.942371370000
1359265930,17.300000000000,0.010000000000
1359266007,17.299000000000,0.100000000000
1359266007,17.300000000000,0.090000000000
1359266007,17.300000000000,0.100000000000
1359266015,17.300000000000,0.100000000000
1359266017,17.300000000000,0.100000000000
1359266018,17.300000000000,0.472001240000
1359266018,17.298000000000,0.010000000000
1359266090,17.298000000000,0.100000000000
1359266094,17.298000000000,0.100000000000
1359266096,17.298000000000,0.100000000000
1359266098,17.298000000000,0.100000000000
1359266099,17.298000000000,0.100000000000
1359266100,17.298000000000,0.100000000000
1359266101,17.298000000000,0.080450340000
1359266129,17.298000000000,1.611309570000
1359266129,17.406800000000,4.168690430000
1359266251,17.297900000000,0.100000000000
1359266251,17.389270000000,1.623147620000
1359266267,17.385320000000,1.096112600000
1359266410,17.385320000000,1.000000000000
1359266452,17.385320000000,11.330200000000