1352852228,11.040000000000,0.027149420000
1352852241,11.040000000000,0.972850580000
1352852241,11.040000000000,18.594404890000
1352852290,10.951210000000,47.551171440000
1352852290,10.950200000000,3.606608560000
1352852312,11.039990000000,1.000000000000
1352852339,11.039900000000,3.000000000000
1352852340,11.040000000000,7.400000000000
1352852375,11.049930000000,2.263417950000
1352852387,11.049930000000,0.200000000000
1352852388,11.040010000000,0.010000000000
1352852409,11.039990000000,0.010000000000
1352852501,10.951210000000,3.000000000000
1352852583,11.039880000000,0.110000000000
1352852625,10.951210000000,5.405849460000
1352852625,10.950200000000,89.792343510000
1352852626,10.950200000000,3.000000000000
1352852626,10.950010000000,36.000000000000
1352852626,10.950000000000,14.000000000000
1352852626,10.950000000000,152.801807030000
1352852652,10.950010000000,0.078558210000
1352852652,10.950000000000,4.612838080000
1352852702,11.033740000000,5.219400000000
1352852731,10.950000000000,0.994000000000
1352852764,11.033740000000,20.539872240000
1352852772,10.950000000000,3.240000000000
1352852809,10.950000000000,2.000000000000
1352852813,10.950000000000,0.306185920000
1352852824,11.033630000000,11.834000000000
1352853062,11.000010000000,1.683612340000
1352853526,11.008800000000,2.016169790000
1352853709,11.008600000000,3.000000000000
1352853753,11.008620000000,4.644482330000
1352854152,11.008620000000,3.000000000000
1352854254,11.008620000000,15.000000000000
1352854294,11.008620000000,12.897758420000
1352854294,11.008610000000,2.102241580000
1352854313,11.008610000000,15.000000000000
1352854351,11.008610000000,15.000000000000
1352854586,11.008700000000,2.714932130000
1352854625,11.008610000000,22.355681990000
1352854635,11.008610000000,3.000000000000
1352854887,11.008610000000,92.000000000000
1352855017,11.008610000000,19.353076430000
1352855042,11.000000000000,0.500000000000
1352855042,11.000000000000,4.098037510000
1352855076,11.000000000000,1.901962490000
1352855491,10.970010000000,0.046977430000
1352855491,10.970000000000,0.185022570000
1352855504,10.970000000000,0.376000000000
1352855623,10.970000000000,0.428977430000
1352855623,10.970000000000,5.000000000000
1352855623,10.954360000000,23.342687290000
1352855623,10.950000000000,449.973296360000
1352855629,10.950010000000,0.083870670000
1352855629,10.950000000000,0.007329330000
1352855691,10.954330000000,4.552057130000
1352855711,10.954330000000,1.447942870000
1352855828,10.999990000000,0.027386510000
1352856676,10.999480000000,0.372300000000
1352857070,10.999490000000,0.266975600000
1352857070,10.999500000000,9.630000000000
1352857070,11.009000000000,7.841894560000
1352857070,11.009980000000,0.036002990000
1352857070,11.020000000000,4.032250450000
1352857188,10.990020000000,0.582536630000
1352857188,10.990000000000,3.909520500000
1352857201,10.990000000000,0.090479500000
1352857201,10.990000000000,4.356657060000
1352857218,10.990000000000,0.643342940000
1352857368,10.950010000000,0.208892060000
1352857368,10.950000000000,1.791107940000
1352857378,11.019880000000,25.701686400000
1352857506,11.019770000000,3.674233960000
1352857506,11.019780000000,3.000000000000
1352857507,11.020000000000,4.850466040000
1352857543,11.019880000000,0.083469660000
1352857543,11.019890000000,3.000000000000
1352857543,11.020000000000,11.466170590000
1352857803,11.014250000000,0.965000000000
1352857833,11.019790000000,3.000000000000
1352857833,11.020000000000,38.819294910000
1352857864,11.014250000000,2.000000000000
1352857921,11.014250000000,2.000000000000
1352857981,11.014250000000,2.000000000000
1352858005,11.019900000000,3.000000000000
1352858005,11.020000000000,5.712368420000
1352858042,11.014250000000,2.000000000000
1352858053,11.014250000000,3.117986630000
1352858101,11.014250000000,2.000000000000
1352858162,11.014250000000,0.121277740000
1352858202,11.019700000000,2.714932130000
1352858221,11.014250000000,0.121277740000
1352858282,11.014250000000,0.121277740000
1352858341,11.014250000000,0.121277740000
1352858374,11.014250000000,14.635677750000
1352858374,11.014240000000,49.965853030000
1352858462,10.990010000000,0.020814480000
1352858462,10.990000000000,0.555993900000
1352858531,11.009880000000,2.369562460000
1352858531,11.009890000000,3.000000000000
1352858531,11.010000000000,21.663281560000
1352858542,10.990010000000,2.369562500000
1352858542,10.990000000000,2.026669260000
1352858558,10.990000000000,3.417336840000
1352858558,10.990000000000,0.934932610000
1352858571,10.990000000000,2.065067390000
1352858904,11.009670000000,4.360257840000
1352859045,11.009560000000,16.165379580000
1352859045,11.009570000000,3.000000000000
1352859063,11.009570000000,0.442399650000
1352859064,10.951000000000,2.557600350000
1352859116,10.951010000000,14.060000000000
1352859151,11.009880000000,0.224708710000
1352859151,11.009890000000,3.000000000000
1352859152,11.010000000000,4.735187660000
1352859152,11.010000000000,9.328000000000
1352859152,11.020000000000,1.876703630000
1352859171,11.019990000000,0.018100000000
1352859322,10.951030000000,6.870539930000
1352859332,10.951000000000,2.442399650000
1352859332,10.950000000000,8.267600350000
1352859428,10.951030000000,0.027394680000
1352859499,10.950000000000,35.000000000000
1352859646,11.008880000000,0.254519070000
1352859686,10.952000000000,1.255774950000
1352859763,10.952010000000,0.193038270000
1352859763,10.952000000000,4.095057810000
1352859792,10.952000000000,4.245215120000
1352859808,10.952000000000,4.202762970000
1352859872,10.952000000000,4.000000000000
1352859898,10.999990000000,13.696554640000
1352859898,11.000000000000,2.000000000000
1352859898,11.010000000000,2.630248860000
1352859933,10.952010000000,4.160735340000
1352860127,11.009770000000,2.000000000000
1352860765,10.952010000000,3.000000000000
1352860839,10.952010000000,0.204997340000
1352860847,10.952010000000,0.143498140000
1352860853,10.952010000000,0.100448690000
1352860859,10.952010000000,0.070314090000
1352860876,10.952010000000,0.049219860000
1352860882,10.952010000000,0.034453900000
1352860891,10.952010000000,0.024117730000
1352860920,10.952010000000,0.016882410000
1352860935,10.952010000000,0.011817690000
1352861399,11.000000000000,8.728181810000
1352861562,11.000000000000,0.000008310000
1352861817,11.000000000000,2.739726030000
1352862070,10.990010000000,7.758641930000
1352862161,10.952010000000,0.076396810000
1352862161,10.952000000000,0.461189150000
1352862161,10.952000000000,1.592414040000
1352862238,10.990000000000,8.637162820000
1352862238,10.990010000000,22.341358070000
1352862286,11.000000000000,41.776893630000
1352862325,10.952010000000,4.119127980000
1352862327,10.999990000000,5.213163060000
1352862327,11.000000000000,0.896136940000
1352862344,10.952010000000,4.077936700000
1352862363,10.952010000000,0.485424310000
1352862363,10.952000000000,3.407585960000
1352862364,10.952000000000,0.144147070000
1352862376,10.952010000000,3.996785760000
1352862396,10.952010000000,1.216464040000
1352862397,10.952000000000,0.542853360000
1352862406,10.952000000000,2.197500510000
1352862412,10.952000000000,0.802499490000
1352862436,10.950000000000,4.700000000000
1352862552,10.999990000000,3.673300000000
1352862582,10.999990000000,0.438200000000
1352862871,10.999990000000,10.961439390000
1352862871,11.000000000000,3.523560610000
1352863028,11.000000000000,0.027272730000
1352863153,11.000000000000,0.923219940000
1352863153,11.000000000000,0.200000000000
1352863153,11.000000000000,17.642370900000
1352863243,11.000000000000,22.708900000000
1352863393,11.000000000000,10.910000000000
1352863509,10.950010000000,0.010631970000
1352863509,10.950000000000,1.969668030000
1352863534,10.950010000000,0.480000000000
1352863610,10.999990000000,0.010631970000
1352863722,11.000000000000,1.826650900000
1352864044,10.990010000000,1.000000000000
1352864052,11.000000000000,34.912727270000
1352864116,11.000000000000,1.000000000000
1352865180,10.990010000000,1.567173000000
1352865436,11.000000000000,2.739726030000
1352865562,10.990010000000,2.000000000000
1352865628,10.990010000000,0.007500000000
1352866306,11.009870000000,1.979558340000
1352866329,11.009870000000,29.280066560000
1352866329,11.009880000000,0.720000000000
1352866329,11.010000000000,4.832751140000
1352866329,11.010000000000,5.000000000000
1352866329,11.016000000000,1.590000000000
1352866329,11.019000000000,53.177182300000
1352866340,11.018990000000,0.100000000000
1352866385,11.009770000000,3.000000000000
1352866385,11.019000000000,8.262700000000
1352866391,10.990020000000,3.909224730000
1352866530,10.990020000000,1.000000000000
1352866631,11.018770000000,0.027226000000
1352866758,11.018660000000,3.527757910000
1352866758,11.018670000000,3.000000000000
1352866801,11.018670000000,0.121379370000
1352866860,11.018670000000,0.121379370000
1352866920,11.018670000000,0.121379370000
1352866980,11.018670000000,0.121379370000
1352866990,11.018800000000,3.000000000000
1352867040,11.018810000000,0.121379370000
1352867092,11.018810000000,1.978620630000
1352867092,11.018670000000,10.088000000000
1352867100,11.018670000000,0.121379370000
1352867142,11.018800000000,1.081379370000
1352867142,11.018900000000,3.000000000000
1352867142,11.019000000000,25.840117700000
1352867142,11.019000000000,0.002592550000
1352867142,11.020000000000,20.075910380000
1352867160,11.018670000000,0.121379370000
1352867222,11.018670000000,0.121379370000
1352867282,11.018670000000,0.121379370000
1352867340,11.018670000000,0.121379370000
1352867400,11.018670000000,0.121379370000
1352867460,11.018670000000,0.121379370000
1352867520,11.018670000000,0.121379370000
1352867641,11.018670000000,0.121379370000
1352867700,11.018670000000,0.121379370000
1352867760,11.018670000000,0.121379370000
1352867820,11.018670000000,0.121379370000
1352867881,11.018670000000,0.121379370000
1352867940,11.018670000000,0.121379370000
1352867999,11.018670000000,0.121379370000
1352868060,11.018670000000,0.121379370000
1352868120,11.018670000000,0.121379370000
1352868121,11.018670000000,1.000000000000
1352868122,11.018670000000,15.393075320000
1352868122,10.990010000000,0.088889210000
1352868122,10.990010000000,4.000000000000
1352868383,10.955010000000,3.870132480000
1352868396,10.955010000000,3.831431160000
1352868411,10.955010000000,1.005545450000
1352868413,10.955000000000,2.787571400000
1352868562,10.955000000000,0.100000000000
1352868658,10.989990000000,7.384260900000
1352868659,10.990000000000,1.623935390000
1352868708,10.955010000000,0.050513980000
1352869051,10.990000000000,2.737226280000
1352869065,10.955010000000,1.000000000000
1352869267,10.990000000000,17.472200000000
1352869486,10.989990000000,0.636978570000
1352869486,10.990000000000,9.363021430000
1352869520,10.990000000000,7.000000000000
1352869590,10.956050000000,4.000000000000
1352870229,10.989990000000,0.027297570000
1352870925,10.956050000000,0.400000000000
1352871117,10.989990000000,0.732702430000
1352871117,10.990000000000,13.324251070000
1352871460,10.956050000000,1.352107970000
1352871574,10.990000000000,1.000000000000
1352871902,10.990000000000,2.989901300000
1352871902,10.990000000000,1.000000000000
1352871947,11.019960000000,7.991968620000
1352871960,11.019970000000,0.121492490000
1352872019,11.019970000000,0.121492490000
1352872033,11.019970000000,3.000000000000
1352872055,11.019970000000,0.010230510000
1352872081,11.019970000000,0.121492490000
1352872140,11.019970000000,0.121492490000
1352872153,11.019970000000,0.505000000000
1352872154,11.019970000000,2.062384920000
1352872260,10.957050000000,0.121947090000
1352872546,10.957060000000,3.950000000000
1352872664,10.999990000000,1.994216620000
1352872664,11.000000000000,0.743009660000
1352873396,10.957060000000,3.236691020000
1352873555,10.999990000000,3.944849900000
1352873555,11.000000000000,14.055150100000
1352873828,10.999970000000,0.027272800000
1352874114,10.957060000000,1.000000000000
1352874117,10.957060000000,0.934988060000
1352874150,10.957060000000,0.912700000000
1352874338,10.999970000000,4.363600000000
1352874500,10.999950000000,1.286100740000
1352874503,10.999960000000,11.518106790000
1352874503,10.999960000000,26.091867260000
1352874504,11.000000000000,23.908132740000
1352874540,10.999950000000,0.121605820000
1352874572,10.999990000000,3.090900000000
1352875278,10.999990000000,5.000000000000
1352875280,10.956050000000,0.102840100000
1352875280,10.956040000000,0.048958380000
1352875280,10.956040000000,0.269017160000
1352875287,10.960000000000,1.380000000000
1352875294,10.999990000000,1.563209880000
1352875294,11.000000000000,6.820490120000
1352875304,10.960010000000,3.736708800000
1352875319,10.960010000000,3.699341710000
1352875348,10.960010000000,0.637094430000
1352875348,10.960000000000,3.025253860000
1352875374,10.960010000000,1.563324300000
1352875375,10.960000000000,2.062400510000
1352876264,10.999890000000,1.947844380000
1352876264,10.999900000000,37.809748170000
1352876279,10.999890000000,2.737226280000
1352876342,10.960010000000,1.947441720000
1352876342,10.960000000000,43.532345630000
1352876342,10.956040000000,5.730982840000
1352876343,10.955000000000,8.789229810000
1352876953,10.955010000000,2.759908250000
1352876956,10.955000000000,88.323198790000
1352876956,10.955000000000,1.000000000000
1352876956,10.955000000000,6.000000000000
1352876956,10.954000000000,1.000000000000
1352876956,10.951000000000,1.000000000000
1352876956,10.950010000000,37.818693310000
1352876956,10.950000000000,334.336166960000
1352876956,10.950000000000,2.086800000000
1352876956,10.950000000000,9.132400000000
1352876956,10.950000000000,0.180000000000
1352877005,10.948010000000,0.036424610000
1352877005,10.948000000000,1.000000000000
1352877005,10.947000000000,1.000000000000
1352877005,10.947000000000,3.000000000000
1352877006,10.943000000000,1.000000000000
1352877006,10.940000000000,10.326408080000
1352877041,10.940010000000,0.047998950000
1352877041,10.940000000000,3.541468610000
1352877053,10.940000000000,3.553572890000
1352877067,10.940000000000,3.518037160000
1352877078,10.940000000000,3.482856790000
1352877089,10.940000000000,3.448028220000
1352877100,10.940000000000,3.413547940000
1352877111,10.940000000000,3.379412460000
1352877122,10.940000000000,3.345618330000
1352877347,10.940000000000,2.000000000000
1352877428,10.994990000000,0.027285150000
1352877439,10.994990000000,17.555400000000
1352877759,10.995000000000,40.000000000000
1352877825,10.940000000000,12.100000000000
1352878005,10.940000000000,0.050000000000
1352878228,10.994990000000,0.049000000000
1352878433,10.994990000000,0.684172080000
1352878433,10.995000000000,0.338136820000
1352878724,10.940010000000,1.050000000000
1352878728,10.940010000000,11.000000000000
1352878751,10.940010000000,6.235876780000
1352878773,10.940000000000,11.000000000000
1352878774,10.994990000000,1.370170410000
1352878796,10.994990000000,16.915706370000
1352878797,10.995000000000,21.630993630000
1352878897,10.995000000000,7.922000000000
1352878918,10.994990000000,0.121492490000
1352878979,10.994990000000,0.121492490000
1352879039,10.994990000000,0.121492490000
1352879098,10.994990000000,0.121492490000
1352879159,10.994990000000,0.121492490000
1352879218,10.994990000000,0.121492490000
1352879221,10.994990000000,3.640000000000
1352879222,10.994990000000,5.240000000000
1352879222,10.994990000000,1.340000000000
1352879222,10.994990000000,1.080000000000
1352879222,10.994990000000,1.130000000000
1352879262,10.994990000000,4.184297710000
1352879263,10.994990000000,5.015702290000
1352879279,10.994990000000,0.121492490000
1352879284,10.994990000000,0.428424470000
1352879339,10.994990000000,0.121492490000
1352879399,10.994990000000,0.121492490000
1352879459,10.994990000000,0.121492490000
1352879518,10.994990000000,0.121492490000
1352879585,10.950010000000,3.000000000000
1352879585,10.950010000000,5.000000000000
1352879629,10.950010000000,3.723355150000
1352879641,10.950010000000,3.686121600000
1352879655,10.950010000000,2.823121080000
1352879655,10.950000000000,0.826139300000
1352879668,10.950000000000,3.612767780000
1352879679,10.950000000000,3.576640100000
1352879691,10.950000000000,3.540873700000
1352879701,10.950000000000,3.505464960000
1352879728,10.994990000000,0.044462060000
1352879898,10.994990000000,2.737226280000
1352880113,10.995000000000,11.795116950000
1352880113,10.994990000000,0.444573050000
1352880609,10.950100000000,1.000000000000
1352880637,10.950010000000,3.117618460000
1352880665,10.950000000000,1.272381540000
1352881028,10.999890000000,0.027273000000
1352881447,10.999890000000,5.065563160000
1352882096,10.998990000000,3.900000000000
1352882241,10.950010000000,0.134056210000
1352882241,10.950000000000,0.325943790000
1352882827,10.950010000000,8.982795030000
1352882827,10.950000000000,33.339788830000
1352882827,10.950000000000,5.000000000000
1352882827,10.950000000000,3.595800000000
1352882836,10.950000000000,6.000000000000
1352883512,10.950000000000,2.727272730000
1352884067,10.950000000000,250.000000000000
1352884265,10.940000000000,0.675000000000
1352884364,10.950000000000,18.851278530000
1352884618,10.950000000000,2.999100000000
1352884630,10.950000000000,0.027397260000
1352885398,10.940000000000,0.122255880000
1352885786,10.940000000000,0.086383170000
1352885787,10.940000000000,1.000000000000
1352885787,10.940000000000,0.418300000000
1352885885,10.940000000000,434.539110470000
1352885885,10.940000000000,15.460889530000
1352886451,10.940000000000,1.552752950000
1352886555,10.950000000000,12.922725280000
1352886587,10.950000000000,12.000000000000
1352886980,10.950000000000,52.000000000000
1352887125,10.950000000000,2.727272730000
1352887196,10.950000000000,0.073708670000
1352887406,10.940000000000,1.019689620000
1352887675,10.950000000000,1.000000000000
1352887734,10.950000000000,2.030000000000
1352887865,10.940000000000,0.870000000000
1352887866,10.940000000000,0.200000000000
1352888007,10.950000000000,43.840200000000
1352888171,10.950000000000,2.490000000000
1352888193,10.940000000000,9.141600000000
1352888221,10.950000000000,0.003150680000
1352888230,10.950000000000,0.027397260000
1352888347,10.950000000000,24.446197570000
1352888425,10.950000000000,40.536367540000
1352888626,10.950000000000,7.674885590000
1352888947,10.950000000000,24.101700000000
1352889146,10.950000000000,8.353600000000
1352889206,10.940000000000,29.000000000000
1352889255,10.940000000000,0.107017790000
1352889276,10.950000000000,27.180900000000
1352889447,10.950000000000,9.060895110000
1352889507,10.940000000000,1.000000000000
1352889546,10.950000000000,30.000000000000
1352889787,10.950000000000,381.627567190000
1352889787,10.950000000000,0.100000000000
1352889787,10.950000000000,0.100000000000
1352889788,10.990000000000,17.172432810000
1352889845,10.940010000000,0.011191360000
1352889845,10.940000000000,3.459218950000
1352889861,10.940000000000,3.435706210000
1352889873,10.940000000000,3.401349150000
1352889886,10.940000000000,3.367335660000
1352889900,10.940000000000,3.333662300000
1352889916,10.940000000000,3.300325680000
1352889930,10.940000000000,3.267322420000
1352889970,10.940000000000,1.000000000000
1352890006,10.940000000000,1.000000000000
1352890148,10.989990000000,15.102490200000
1352890148,10.990000000000,8.647934660000
1352890216,10.940010000000,3.234649200000
1352890224,10.940010000000,11.699600000000
1352890225,10.940010000000,0.158000000000
1352890225,10.940010000000,0.010244040000
1352890226,10.940000000000,4.859755960000
1352890338,10.940000000000,86.269073780000
1352890630,10.938000000000,1.000000000000
1352890630,10.938000000000,5.000000000000
1352890739,10.938000000000,2.742230350000
1352890810,10.938000000000,0.297769650000
1352890810,10.940000000000,4.630926220000
1352890862,10.950000000000,3.202302700000
1352890879,10.950000000000,0.999001430000
1352890943,10.936000000000,1.000000000000
1352890943,10.936000000000,4.000000000000
1352891049,10.949990000000,1.310381130000
1352891049,10.950000000000,3.160289660000
1352891107,10.989990000000,16.308504530000
1352891107,10.990000000000,27.372095470000
1352891583,10.990000000000,7.089717920000
1352891828,10.980000000000,0.027297540000
1352892013,10.936010000000,0.214583680000
1352892082,10.936010000000,17.374290460000
1352892082,10.936000000000,2.000000000000
1352892082,10.933990000000,0.010000000000
1352892082,10.932200000000,0.058984460000
1352892082,10.932000000000,13.881350160000
1352892082,10.930000000000,2.675774920000
1352892294,10.930000000000,2.130000000000
1352892409,10.932210000000,0.058630550000
1352892409,10.980000000000,2.000000000000
1352892409,10.990000000000,15.415745220000
1352892436,10.932210000000,0.076956830000
1352892471,10.932200000000,0.058278290000
1352892471,10.932200000000,0.864764880000
1352892509,10.932210000000,0.057928620000
1352892509,10.932210000000,0.088355870000
1352892521,10.932220000000,2.753715510000
1352892521,10.932200000000,0.057581270000
1352892521,10.932200000000,0.317389990000
1352892547,10.932200000000,3.097399900000
1352892560,10.932200000000,0.720445230000
1352892591,10.932210000000,0.050000000000
1352892601,10.932200000000,0.049699960000
1352892683,10.932210000000,0.009000000000
1352892799,10.932210000000,0.081000000000
1352892799,10.932200000000,0.008946040000
1352892799,10.930000000000,8.610053960000
1352892928,10.989990000000,20.220031280000
1352892928,10.990000000000,5.985568720000
1352893126,10.989890000000,0.087372510000
1352893161,10.930010000000,0.014144100000
1352893161,10.930000000000,24.985855900000
1352893162,10.930000000000,5.000000000000
1352893322,10.930010000000,1.025784670000
1352893742,10.930010000000,4.190000000000
1352893744,10.930010000000,0.015411690000
1352893756,10.985000000000,27.890000000000
1352893798,10.985020000000,2.000000000000
1352893811,10.985020000000,2.000000000000
1352893858,10.985020000000,2.000000000000
1352893917,10.985020000000,1.153305910000
1352893951,10.985020000000,3.000000000000
1352893977,10.985020000000,2.000000000000
1352894037,10.985020000000,2.000000000000
1352894113,10.985020000000,0.726602630000
1352894113,10.985010000000,26.729900000000
1352894113,10.985010000000,7.000000000000
1352894129,10.979990000000,6.000000000000
1352894169,10.940010000000,0.087333280000
1352894169,10.940000000000,2.971391170000
1352894181,10.940010000000,3.028137200000
1352894192,10.940010000000,2.971819220000
1352894193,10.940000000000,0.026036610000
1352894204,10.940000000000,0.002572220000
1352894204,10.940000000000,2.965305050000
1352894215,10.940000000000,2.938198500000
1352894231,10.940000000000,1.096496450000
1352894253,10.940000000000,0.036600000000
1352894306,10.930000000000,5.000000000000
1352894359,10.940000000000,2.744739250000
1352894654,10.940000000000,0.086848270000
1352894654,10.980000000000,11.193497370000
1352894654,10.980000000000,5.000000000000
1352894654,10.989800000000,9.680000000000
1352894654,10.989880000000,1.015154670000
1352894654,10.989900000000,35.257596000000
1352894654,10.990000000000,9.316505200000
1352894654,10.990000000000,0.470297550000
1352894885,10.984990000000,0.085944370000
1352895367,10.984990000000,12.133910180000
1352895367,10.984990000000,0.085428700000
1352895367,10.985000000000,10.000000000000
1352895367,10.985000000000,0.987348150000
1352895368,10.990000000000,83.633702450000
1352895368,10.995600000000,1.022700000000
1352895368,10.996900000000,50.000000000000
1352895368,10.998000000000,10.000000000000
1352895368,10.999900000000,145.190251830000
1352895368,11.000000000000,33.702571810000
1352895404,10.940010000000,1.040643390000
1352895428,10.999990000000,0.027272750000
1352895464,10.940010000000,0.450004080000
1352895465,10.940010000000,2.870038160000
1352895476,10.940010000000,2.841337780000
1352895489,10.940010000000,2.812924400000
1352895500,10.940010000000,2.232423230000
1352895500,10.940000000000,0.552371920000
1352895512,10.940000000000,2.756947200000
1352895522,10.940000000000,2.729377730000
1352895549,10.940000000000,2.702083950000
1352895905,10.940000000000,1.259219200000
1352895905,10.940000000000,2.113680800000
1352896056,10.949990000000,0.686672440000
1352896067,10.950000000000,1.677481150000
1352896086,10.950000000000,4.037829110000
1352896108,10.950000000000,1.489980820000
1352896142,10.940010000000,0.599139000000
1352896142,10.940000000000,1.886319200000
1352896312,10.934990000000,0.010000000000
1352896312,10.930000000000,0.330000000000
1352896694,10.930000000000,1.070000000000
1352896831,10.939990000000,0.150522320000
1352896831,10.970000000000,1.000000000000
1352896831,10.990000000000,10.000000000000
1352896831,10.995590000000,0.771600000000
1352896831,11.000000000000,10.770645570000
1352896831,11.000000000000,21.295932110000
1352896831,11.000000000000,91.315431810000
1352897123,10.939990000000,0.500000000000
1352897123,10.930000000000,24.442375410000
1352897384,10.930010000000,0.150522320000
1352897384,10.930000000000,0.059477680000
1352897430,10.930000000000,0.220727700000
1352897443,10.930000000000,1.068000000000
1352897480,10.930000000000,3.000000000000
1352897556,10.930000000000,1.997242710000
1352897973,10.939990000000,0.449713510000
1352897973,10.998930000000,2.295025740000
1352898020,10.930010000000,0.709921720000
1352898020,10.930000000000,10.270078280000
1352898246,10.930500000000,0.472176430000
1352898376,10.930500000000,17.980000000000
1352898610,10.998920000000,2.702890240000
1352898613,10.930500000000,3.950000000000
1352898620,10.998920000000,8.108670710000
1352898620,10.998920000000,8.108670710000
1352898627,10.998920000000,2.702890240000
1352898661,10.930500000000,11.790000000000
1352898702,10.998920000000,1.970750760000
1352898765,10.998920000000,3.900000000000
1352898809,10.930500000000,1.000000000000
1352898820,10.930500000000,1.000000000000
1352899028,10.998920000000,0.027275410000
1352899795,10.960490000000,1.005486100000
1352899893,10.960510000000,2.637213050000
1352899919,10.960510000000,2.610840920000
1352899933,10.960510000000,2.584732510000
1352899945,10.960510000000,2.558885180000
1352899960,10.960510000000,2.533296330000
1352899971,10.960510000000,2.507963370000
1352899982,10.960510000000,2.482883730000
1352900008,10.960510000000,2.458054900000
1352900020,10.960510000000,2.433474350000
1352900047,10.960510000000,2.409139600000
1352900059,10.960510000000,2.129341910000
1352900060,10.960500000000,0.255706300000
1352900202,10.960500000000,0.095000000000
1352900202,10.960500000000,1.000000000000
1352900260,10.960500000000,41.095995620000
1352900260,10.960500000000,7.000000000000
1352900260,10.931500000000,11.904004380000
1352900388,10.997100000000,9.366100000000
1352900588,10.997100000000,17.348165550000
1352900588,10.997110000000,0.718500000000
1352900588,10.999980000000,22.285445770000
1352900974,10.999970000000,2.319002560000
1352900975,10.999970000000,0.371138190000
1352901085,10.950010000000,2.361197730000
1352901097,10.950010000000,2.337585750000
1352901108,10.950010000000,2.314209890000
1352901119,10.950010000000,2.291067790000
1352901134,10.950010000000,2.268157110000
1352901146,10.950010000000,2.245475540000
1352901157,10.950010000000,2.223020790000
1352901168,10.950010000000,2.200790580000
1352901180,10.950010000000,2.178782670000
1352901194,10.950010000000,2.156994850000
1352901198,10.950010000000,6.507923710000
1352901198,10.950000000000,123.049300000000
1352901198,10.930500000000,13.807823570000
1352901198,10.930500000000,6.000000000000
1352901198,10.930000000000,9.140413440000
1352901198,10.930000000000,0.100000000000
1352901198,10.929500000000,4.597682190000
1352901199,10.929000000000,1.000000000000
1352901199,10.926000000000,45.913200000000
1352901199,10.925000000000,1.000000000000
1352901199,10.923000000000,1.000000000000
1352901199,10.922000000000,0.250000000000
1352901199,10.922000000000,1.000000000000
1352901199,10.922000000000,1.000000000000
1352901199,10.921610000000,70.200015560000
1352901200,10.921110000000,166.649700000000
1352901200,10.920000000000,1.000000000000
1352901200,10.920000000000,0.010000000000
1352901200,10.920000000000,47.773941530000
1352901219,10.950000000000,2.135424900000
1352901230,10.950000000000,1.864575100000
1352901295,10.950000000000,0.408000000000
1352901491,10.979990000000,12.296750510000
1352901491,10.980000000000,3.000000000000
1352901491,10.998710000000,46.011700000000
1352901491,10.999890000000,23.249316540000
1352901491,10.999900000000,5.555219370000
1352901491,10.999970000000,12.879713580000
1352901590,10.998700000000,2.727272730000
1352901603,10.998700000000,9.476945420000
1352901603,10.998700000000,29.383054580000
1352901624,10.935010000000,24.588350040000
1352901624,10.935000000000,29.468513030000
1352901624,10.934970000000,0.010000000000
1352901624,10.920000000000,37.933136930000
1352901704,10.933710000000,0.010531400000
1352901704,10.933700000000,0.010000000000
1352901704,10.920000000000,0.979468600000
1352901770,10.933690000000,0.010000000000
1352901821,10.920000000000,2.091344900000
1352901833,10.920000000000,2.070431450000
1352901848,10.920000000000,2.049727140000
1352901856,10.933680000000,0.090000000000
1352901877,10.933690000000,2.029229860000
1352901890,10.933690000000,2.008937570000
1352902011,10.994690000000,22.561757770000
1352902011,10.998680000000,86.250000000000
1352902011,10.998700000000,20.616945420000
1352902011,10.998700000000,26.100896810000
1352902102,10.935010000000,1.988848190000
1352902124,10.998690000000,2.006420340000
1352902124,10.998700000000,2.783579660000
1352902214,10.935010000000,0.055695860000
1352902439,10.998690000000,1.280000000000
1352902439,10.998700000000,2.720000000000
1352902476,10.998700000000,18.395523530000
1352902476,10.999980000000,77.714554230000
1352902476,10.999980000000,3.889922240000
1352902495,10.940010000000,0.220000000000
1352902509,10.999980000000,43.640988430000
1352902582,10.950010000000,3.131396250000
1352902627,10.999980000000,0.027272780000
1352902677,10.970010000000,2.000000000000
1352902736,10.970010000000,1.743609070000
1352902796,10.970010000000,0.642199360000
1352902856,10.970010000000,1.085130000000
1352902901,10.970010000000,2.000000000000
1352902916,10.970010000000,2.000000000000
1352902976,10.970010000000,0.910000000000
1352903104,10.990000000000,10.919017280000
1352903546,10.970010000000,7.460000000000
1352903653,10.990000000000,6.842584160000
1352903666,10.990000000000,1.000000000000
1352903816,10.970010000000,1.118692930000
1352903816,10.970000000000,0.273000000000
1352903816,10.950000000000,0.608307070000
1352903823,10.950010000000,0.066837810000
1352903824,10.950000000000,1.133162190000
1352903916,10.989990000000,1.302000000000
1352903924,10.950000000000,1.992188000000
1352903980,10.950010000000,0.175112080000
1352904413,10.989960000000,8.341343720000
1352904413,10.989970000000,5.927674960000
1352904517,10.989970000000,43.680737980000
1352904611,10.989970000000,3.756543460000
1352904651,10.989970000000,10.919000000000
1352904883,10.955010000000,1.000000000000
1352904887,10.955010000000,2.078646700000
1352905206,10.989970000000,2.737226280000
1352905311,10.955010000000,6.368557080000
1352905311,10.955000000000,10.000000000000
1352905312,10.955000000000,3.231442920000
1352905319,10.955000000000,1.768557080000
1352905350,10.955000000000,0.200402630000
1352905350,10.989970000000,0.568817320000
1352905350,10.990000000000,42.916249310000
1352905556,10.950900000000,1.120000000000
1352905571,10.979990000000,4.417100000000
1352905578,10.950900000000,2.005447030000
1352905684,10.950900000000,0.440000000000
1352906227,10.978990000000,0.027324920000
1352906522,10.978990000000,0.344964090000
1352906522,10.979000000000,1.000000000000
1352906522,10.980000000000,0.240000000000
1352906522,10.980000000000,1.000000000000
1352906522,10.989000000000,1.312079350000
1352906771,10.988990000000,3.953836810000
1352906771,10.989000000000,4.965085990000
1352906792,10.989000000000,3.722834660000
1352906792,10.990000000000,28.124637850000
1352907148,10.950910000000,8.722470690000
1352907171,10.950000000000,1.949270110000
1352907218,10.950910000000,2.159967030000
1352907231,10.979990000000,5.429592120000
1352907253,10.950010000000,5.432621320000
1352907253,10.950000000000,9.567378680000
1352907259,10.950000000000,2.000000000000
1352907380,10.979990000000,1.245900000000
1352907501,10.979990000000,4.186721320000
1352907501,10.980000000000,2.000000000000
1352907501,10.990000000000,13.038383980000
1352907529,10.950010000000,1.929777410000
1352907541,10.950010000000,1.910479640000
1352907556,10.950010000000,1.631396090000
1352907556,10.950000000000,0.259978750000
1352907569,10.950000000000,1.872461090000
1352907582,10.950000000000,1.853736480000
1352907593,10.950000000000,1.835199120000
1352907605,10.950000000000,1.816847120000
1352907616,10.950000000000,1.798678650000
1352907788,10.989990000000,4.186316310000
1352907789,10.990000000000,39.489783690000
1352907827,10.950010000000,0.200000000000
1352907827,10.950010000000,0.678350830000
1352908303,10.989990000000,0.010196550000
1352908656,10.950010000000,0.010000000000
1352908657,10.950010000000,3.298023430000
1352908657,10.950000000000,0.826776570000
1352908794,10.950010000000,0.010209650000
1352908794,10.950000000000,0.079790350000
1352908820,10.989990000000,2.729754320000
1352908824,10.950000000000,1.780691870000
1352908996,10.950010000000,2.729354720000
1352908996,10.950000000000,11.715645280000
1352908999,10.989890000000,0.089135560000
1352909234,10.989890000000,6.791366810000
1352909234,10.989900000000,20.127538500000
1352909323,10.950010000000,2.825000000000
1352909323,10.950010000000,0.100000000000
1352909336,10.950010000000,2.000000000000
1352909479,10.988990000000,7.225002070000
1352909479,10.989000000000,5.600000000000
1352909479,10.989900000000,32.672373720000
1352909495,10.989890000000,0.424563460000
1352909495,10.989900000000,39.964264980000
1352909500,10.950010000000,1.280000000000
1352909560,10.950010000000,0.675540510000
1352909560,10.950000000000,5.324459490000
1352909614,10.950010000000,3.873661180000
1352909749,10.988990000000,5.385177120000
1352909828,10.988990000000,0.019461110000
1352909828,10.989000000000,0.007838940000
1352909932,10.951010000000,2.000000000000
1352910253,10.984900000000,4.340000000000
1352910253,10.985000000000,21.880339550000
1352910255,10.985000000000,7.119660450000
1352910291,10.989890000000,1.956440360000
1352910355,10.989890000000,2.000000000000
1352910372,10.989890000000,2.000000000000
1352910378,10.989900000000,7.398822800000
1352910378,10.989900000000,7.363777200000
1352910415,10.989890000000,2.000000000000
1352910427,10.989890000000,0.109122800000
1352910449,10.989890000000,0.109122800000
1352910476,10.989890000000,0.109122800000
1352910533,10.989890000000,2.000000000000
1352910534,10.989890000000,0.490263200000
1352910584,10.989890000000,3.000000000000
1352910595,10.989890000000,2.000000000000
1352910655,10.989890000000,2.000000000000
1352910688,10.989890000000,8.658494300000
1352910756,10.951010000000,1.762884950000
1352910803,10.951010000000,0.190000000000
1352910810,10.951010000000,1.000000000000
1352910811,10.951010000000,0.080000000000
1352911196,10.951010000000,2.000000000000
1352911256,10.951010000000,2.000000000000
1352911283,10.989890000000,3.028217090000
1352911283,10.989890000000,23.977728500000
1352911283,10.989900000000,3.000000000000
1352911283,10.990000000000,296.391986350000
1352911316,10.951010000000,2.000000000000
1352911357,10.989890000000,6.000000000000
1352911375,10.989890000000,4.583600390000
1352911436,10.989890000000,1.115147800000
1352911498,10.989890000000,1.115147800000
1352911501,10.989890000000,5.384604010000
1352912025,10.951010000000,0.500000000000
1352912206,10.951010000000,8.628134880000
1352912206,10.951000000000,10.000000000000
1352912207,10.950000000000,53.585429180000
1352912207,10.950000000000,7.000000000000
1352912207,10.950000000000,3.000000000000
1352912207,10.950000000000,0.300000000000
1352912207,10.950000000000,105.000000000000
1352912207,10.950000000000,204.880778080000
1352912207,10.950000000000,0.605657860000
1352912353,10.988890000000,9.134455420000
1352912353,10.988900000000,11.830000000000
1352912353,10.990000000000,45.432191080000
1352912412,10.950010000000,1.745256100000
1352912421,10.950010000000,2.000000000000
1352912430,10.950010000000,1.727803540000
1352912440,10.989990000000,0.519043420000
1352912441,10.990000000000,15.845166300000
1352912441,10.990000000000,0.100000000000
1352912441,10.990000000000,5.000000000000
1352912441,10.990000000000,10.382890280000
1352912453,10.950010000000,1.710525500000
1352912464,10.989990000000,2.729754320000
1352912467,10.950010000000,1.693420250000
1352912480,10.950010000000,0.262497920000
1352912480,10.950000000000,0.394342140000
1352912879,10.935010000000,1.210000000000
1352912926,10.950000000000,15.753630180000
1352912927,10.990000000000,10.363109720000
1352912927,10.990000000000,17.621216560000
1352912954,10.935010000000,1.961704260000
1352912954,10.935000000000,34.998295740000
1352912978,10.935010000000,0.157849520000
1352913029,10.935010000000,0.342150480000
1352913029,10.990000000000,0.339074430000
1352913209,10.935000000000,0.121007040000
1352913307,10.935000000000,16.980000000000
1352913387,10.988990000000,13.650000000000
1352913422,10.988990000000,4.007453850000
1352913422,10.989000000000,6.394074470000
1352913424,10.989000000000,0.027300050000
1352913468,10.935010000000,17.651387880000
1352913468,10.935000000000,18.723026970000
1352913468,10.935000000000,5.000000000000
1352913476,10.935000000000,2.000000000000
1352913479,10.920010000000,23.325707570000
1352913479,10.920000000000,122.095072140000
1352913481,10.988000000000,45.931400000000
1352913481,10.989000000000,17.772843750000
1352913493,10.988990000000,9.514890810000
1352913596,10.988990000000,3.494770670000
1352913681,10.920010000000,0.098066180000
1352913681,10.920000000000,0.001933820000
1352913847,10.988990000000,8.351803470000
1352913884,10.920010000000,1.000000000000
1352914262,10.988970000000,7.505763680000
1352914262,10.988980000000,3.394236320000
1352914263,10.988980000000,41.556815940000
1352914263,10.988980000000,1.000000000000
1352914279,10.988990000000,0.024942270000
1352914279,10.989000000000,4.805781730000
1352914280,10.990000000000,17.040888580000
1352914280,10.990000000000,9.345000000000
1352914289,10.992510000000,1.000000000000
1352914315,10.999900000000,0.500000000000
1352914316,10.999950000000,0.829790830000
1352914316,10.999980000000,3.528237190000
1352914346,10.999900000000,9.400000000000
1352914460,10.999980000000,0.454500000000
1352914509,10.999900000000,0.019000000000
1352914509,10.920300000000,0.181000000000
1352914527,10.920310000000,1.669917640000
1352914530,10.999970000000,9.546525810000
1352914530,10.999980000000,48.459079360000
1352914530,11.000000000000,12.388636080000
1352914531,11.000000000000,13.618600000000
1352914561,10.999990000000,1.679430660000
1352914561,11.000000000000,8.841400000000
1352914561,11.000000000000,1.000000000000
1352914561,11.000000000000,4.047820000000
1352914561,11.000000000000,5.000000000000
1352914561,11.000000000000,9.160000000000
1352914561,11.000000000000,5.184078180000
1352914635,11.000000000000,4.815921820000
1352914635,11.000000000000,0.010000000000
1352914635,11.000000000000,0.570000000000
1352914635,11.000000000000,5.300000000000
1352914635,11.000000000000,0.100000000000
1352914635,11.000000000000,0.044000000000
1352914635,11.000000000000,2.000000000000
1352914635,11.000000000000,0.800078180000
1352914891,11.000000000000,28.363600000000
1352914892,11.000000000000,15.818200000000
1352915029,11.000000000000,15.145977020000
1352915029,11.000000000000,1.000000000000
1352915029,11.000000000000,1.066555450000
1352915173,10.920310000000,1.414700000000
1352915175,10.920310000000,1.000000000000
1352915175,10.920310000000,0.500000000000
1352915176,10.920310000000,2.000000000000
1352915178,10.920310000000,20.000000000000
1352915205,11.000000000000,0.005201810000
1352915268,10.920310000000,2.405104260000
1352915269,10.920300000000,59.809700000000
1352915269,10.920000000000,1.785195740000
1352915358,10.999990000000,5.934600000000
1352915358,10.920310000000,0.420000000000
1352915414,10.920310000000,10.809079510000
1352915415,10.920300000000,0.190820490000
1352915539,10.920310000000,1.000000000000
1352916084,10.999970000000,2.729754320000
1352916130,10.999970000000,7.638070870000
1352916130,10.999980000000,1.961929130000
1352916130,10.999980000000,0.001024540000
1352916283,10.999970000000,25.090221780000
1352916283,11.000000000000,11.568210000000
1352916318,10.950010000000,1.990000000000
1352916475,10.950010000000,2.723948690000
1352916477,10.950010000000,0.916051310000
1352916616,10.950010000000,0.972977300000
1352916627,10.999940000000,5.606070080000
1352916627,10.999950000000,2.893929920000
1352917015,10.999940000000,0.972977300000
1352917016,10.999950000000,0.807022700000
1352917028,10.999950000000,0.027272880000
1352917128,10.999950000000,6.219074500000
1352917128,11.000000000000,44.404408180000
1352917285,10.950010000000,1.880000000000
1352917303,10.950010000000,0.440000000000
1352917303,10.950010000000,6.016193860000
1352917303,10.950000000000,3.483806140000
1352917304,10.950000000000,8.000000000000
1352917307,10.999990000000,0.029881280000
1352917308,11.000000000000,13.062418720000
1352917327,10.999990000000,1.000000000000
1352917494,10.950010000000,6.722099490000
1352917494,10.950000000000,8.277900510000
1352917578,10.999990000000,7.336193860000
1352917578,11.000000000000,2.663806140000
1352917654,10.950010000000,0.010000000000
1352917669,10.950010000000,1.020073910000
1352917669,10.950000000000,8.979926090000
1352917712,10.999950000000,0.009998220000
1352917742,10.950010000000,7.336222250000
1352917742,10.950000000000,71.258367260000
1352917742,10.950000000000,3.000000000000
1352917742,10.940000000000,16.874310490000
1352917849,10.999720000000,21.501399040000
1352917849,10.999720000000,2.065291660000
1352918028,10.990000000000,3.494449490000
1352918060,10.940010000000,21.512050080000
1352918060,10.940000000000,9.459247950000
1352918062,10.990000000000,0.026413100000
1352918125,10.940000000000,1.653218470000
1352918137,10.940000000000,1.636686280000
1352918150,10.940000000000,1.620319420000
1352918161,10.940000000000,1.604116230000
1352918176,10.940000000000,1.588075060000
1352918188,10.940000000000,1.572194310000
1352918197,10.989990000000,15.122401070000
1352918197,10.990000000000,6.479137410000
1352918198,10.990000000000,1.556472370000
1352918244,10.999990000000,5.873741360000
1352918244,11.000000000000,39.580758640000
1352918260,11.000000000000,37.648641060000
1352918260,11.000000000000,0.435484560000
1352918260,11.000000000000,0.201928320000
1352918260,11.000000000000,0.200000000000
1352918260,11.000000000000,5.617000000000
1352918260,11.000000000000,1.351446060000
1352918302,10.941010000000,1.540907650000
1352918400,10.941010000000,1.000000000000
1352918470,11.000000000000,10.473818180000
1352918745,10.941010000000,12.638732650000
1352918745,10.940000000000,14.461267350000
1352918817,10.940010000000,5.881278370000
1352918817,10.940000000000,49.530564440000
1352918817,10.940000000000,44.588157190000
1352918833,10.999990000000,15.896427990000
1352918833,11.000000000000,1.376272010000
1352918873,10.999990000000,5.881278370000
1352918873,11.000000000000,9.393045450000
1352918886,10.940010000000,15.896674960000
1352918886,10.940000000000,55.320442810000
1352918887,10.940000000000,7.000000000000
1352918887,10.921000000000,20.148282230000
1352918890,11.000000000000,12.838454720000
1352918890,11.000000000000,3.525145280000
1352918895,11.000000000000,5.811854720000
1352918895,11.005000000000,0.010000000000
1352918895,11.005000000000,0.010000000000
1352918895,11.005000000000,0.010000000000
1352918895,11.006690000000,0.521300000000
1352918895,11.007500000000,0.010000000000
1352918895,11.010000000000,0.010000000000
1352918895,11.010000000000,10.000000000000
1352918895,11.010000000000,21.244608790000
1352918976,10.950010000000,1.525498570000
1352919074,10.950010000000,4.322574520000
1352919100,10.950000000000,0.760000000000
1352919116,10.950000000000,7.015136190000
1352919139,11.003890000000,17.550212450000
1352919139,11.003900000000,3.000000000000
1352919139,11.004000000000,0.050000000000
1352919139,11.005000000000,0.010000000000
1352919139,11.007500000000,0.010000000000
1352919139,11.010000000000,22.992494090000
1352919219,10.950010000000,0.280000000000
1352919219,10.950010000000,5.000000000000
1352919220,10.950010000000,5.000000000000
1352919221,10.950010000000,5.000000000000
1352919273,10.950010000000,2.239990880000
1352919273,10.950000000000,92.224863810000
1352919278,10.940000000000,6.000000000000
1352919278,10.940000000000,0.010000000000
1352919279,10.940000000000,17.905394870000
1352919280,10.940000000000,54.535145310000
1352919317,10.998990000000,8.728983290000
1352919354,10.998990000000,12.272567780000
1352919371,11.000000000000,48.992533630000
1352919426,11.000000000000,13.092272720000
1352919523,11.000000000000,130.000000000000
1352919655,11.000000000000,3.840400000000
1352919699,11.000000000000,2.739726030000
1352919931,10.941010000000,1.048000000000
1352919933,11.000000000000,10.037409090000
1352919939,11.000000000000,12.263396430000
1352920148,10.999990000000,2.959210880000
1352920204,10.999990000000,25.839806210000
1352920226,10.941010000000,20.011709060000
1352920227,10.940000000000,27.559459820000
1352920227,10.940000000000,5.000000000000
1352920228,10.930000000000,0.010000000000
1352920231,10.928500000000,59.942800000000
1352920231,10.927500000000,0.010000000000
1352920231,10.925000000000,0.010000000000
1352920231,10.922500000000,0.010000000000
1352920231,10.920000000000,4.314782960000
1352920231,10.920000000000,14.286800000000
1352920232,10.920000000000,1.000000000000
1352920232,10.920000000000,2.000000000000
1352920232,10.920000000000,6.000000000000
1352920232,10.920000000000,47.372900000000
1352920232,10.920000000000,0.010000000000
1352920233,10.918900000000,28.137600000000
1352920233,10.918000000000,1.834082720000
1352920233,10.918000000000,1.000000000000
1352920233,10.917500000000,0.010000000000
1352920234,10.917200000000,0.010154390000
1352920235,10.917200000000,0.020235810000
1352920236,10.917190000000,0.606000010000
1352920236,10.916730000000,2.379730000000
1352920236,10.915000000000,1.000000000000
1352920236,10.915000000000,10.090000000000
1352920237,10.914290000000,0.010000000000
1352920237,10.912230000000,52.000000000000
1352920237,10.912000000000,3.123855880000
1352920237,10.911000000000,1.000000000000
1352920237,10.911000000000,25.000000000000
1352920237,10.910680000000,0.584805840000
1352920237,10.910000000000,5.057000000000
1352920237,10.910000000000,2.000000000000
1352920237,10.910000000000,0.010000000000
1352920237,10.909300000000,0.010000000000
1352920237,10.909290000000,0.010000000000
1352920237,10.909000000000,1.000000000000
1352920238,10.907390000000,0.606000010000
1352920238,10.906990000000,0.036660000000
1352920238,10.906990000000,0.032880000000
1352920239,10.905940000000,4.941980000000
1352920239,10.905000000000,0.010000000000
1352920240,10.904920000000,0.226300000000
1352920240,10.904300000000,0.010000000000
1352920241,10.904300000000,0.010000000000
1352920241,10.904300000000,3.126051310000
1352920242,10.904000000000,0.250000000000
1352920242,10.904000000000,1.000000000000
1352920242,10.903000000000,1.000000000000
1352920242,10.902100000000,4.701885750000
1352920242,10.901610000000,157.823500000000
1352920242,10.901600000000,1.611512190000
1352920242,10.901500000000,4.609463630000
1352920242,10.901480000000,1.111192180000
1352920242,10.901100000000,50.000000000000
1352920242,10.901000000000,31.000000000000
1352920242,10.900820000000,15.460658440000
1352920288,10.930000000000,0.084911370000
1352920288,10.929990000000,0.010000000000
1352920288,10.927490000000,0.010000000000
1352920288,10.924990000000,0.010000000000
1352920288,10.922490000000,0.010000000000
1352920288,10.919990000000,0.010000000000
1352920288,10.917490000000,0.010000000000
1352920289,10.914990000000,0.010000000000
1352920289,10.912490000000,0.010000000000
1352920289,10.909990000000,0.010000000000
1352920289,10.907490000000,0.010000000000
1352920289,10.904990000000,0.010000000000
1352920289,10.902490000000,0.010000000000
1352920290,10.901820000000,1.305332210000
1352920296,10.928990000000,0.010000000000
1352920296,10.926490000000,0.010000000000
1352920296,10.923990000000,0.010000000000
1352920296,10.921490000000,0.010000000000
1352920297,10.918990000000,0.010000000000
1352920297,10.916490000000,0.010000000000
1352920297,10.913990000000,0.010000000000
1352920297,10.911490000000,0.010000000000
1352920297,10.908990000000,0.010000000000
1352920297,10.906490000000,0.010000000000
1352920297,10.903990000000,0.010000000000
1352920297,10.901820000000,1.385141150000
1352920307,10.922110000000,0.010000000000
1352920308,10.919610000000,0.010000000000
1352920308,10.917110000000,0.010000000000
1352920308,10.914610000000,0.010000000000
1352920308,10.912110000000,0.010000000000
1352920308,10.909610000000,0.010000000000
1352920308,10.907110000000,0.010000000000
1352920308,10.904610000000,0.010000000000
1352920308,10.902110000000,0.010000000000
1352920308,10.901820000000,1.390189740000
1352920318,10.920300000000,0.010000000000
1352920318,10.917800000000,0.010000000000
1352920318,10.915300000000,0.010000000000
1352920319,10.912800000000,0.010000000000
1352920319,10.910300000000,0.010000000000
1352920319,10.907800000000,0.010000000000
1352920319,10.905300000000,0.010000000000
1352920319,10.902800000000,0.010000000000
1352920319,10.901820000000,1.385387840000
1352920335,10.922110000000,1.450733960000
1352920349,10.922110000000,1.436226620000
1352920352,10.988290000000,43.687416330000
1352920375,10.986260000000,25.033044570000
1352920375,10.986270000000,14.986214560000
1352920478,10.922120000000,4.221860910000
1352920486,10.980000000000,10.000000000000
1352920486,10.998990000000,18.762239910000
1352920578,10.998980000000,10.774660140000
1352920578,10.999990000000,1.207918880000
1352920578,10.999990000000,2.814475570000
1352920630,10.999980000000,0.027275260000
1352920680,10.999980000000,5.124731260000
1352920680,10.999990000000,0.423798840000
1352920756,10.922120000000,1.000000000000
1352920825,10.999990000000,4.364094870000
1352920849,10.999990000000,4.905363030000
1352920877,10.999990000000,14.492267690000
1352920877,11.000000000000,18.428654540000
1352920949,11.000000000000,14.241202350000
1352920960,10.922120000000,1.036307000000
1352920998,10.922120000000,29.618702640000
1352920998,10.922110000000,0.113039420000
1352920999,10.920290000000,59.973900000000
1352920999,10.919290000000,0.010000000000
1352920999,10.919290000000,0.010000000000
1352920999,10.919290000000,0.010000000000
1352920999,10.919290000000,0.010000000000
1352920999,10.919290000000,0.010000000000
1352920999,10.919290000000,0.010000000000
1352920999,10.919290000000,0.010000000000
1352920999,10.919290000000,0.010000000000
1352920999,10.916790000000,0.010000000000
1352920999,10.916790000000,0.010000000000
1352921000,10.916790000000,0.010000000000
1352921000,10.916790000000,0.010000000000
1352921000,10.916790000000,0.010000000000
1352921000,10.916790000000,0.010000000000
1352921000,10.914290000000,0.010000000000
1352921000,10.914290000000,0.010000000000
1352921000,10.911790000000,0.010000000000
1352921000,10.909290000000,0.010000000000
1352921000,10.900820000000,57.539341560000
1352921000,10.900000000000,4.011900000000
1352921000,10.900000000000,3.150557790000
1352921000,10.900000000000,0.010000000000
1352921000,10.900000000000,0.090825690000
1352921000,10.900000000000,10.710100000000
1352921000,10.900000000000,20.000000000000
1352921000,10.900000000000,1.000000000000
1352921000,10.900000000000,1.000000000000
1352921001,10.900000000000,1.095456460000
1352921071,10.989990000000,16.814240750000
1352921071,10.990000000000,6.621797320000
1352921199,10.990000000000,11.724201420000
1352921310,10.990000000000,24.524561120000
1352921311,10.990000000000,27.431633300000
1352921345,10.990000000000,13.183000000000
1352921495,10.990000000000,7.838060050000
1352921660,10.990000000000,6.116161050000
1352921674,10.990000000000,0.155118280000
1352921676,10.950010000000,5.000000000000
1352921747,10.950010000000,16.703329200000
1352921747,10.950000000000,10.513514880000
1352921833,10.950000000000,1.421864350000
1352921846,10.950000000000,1.407645710000
1352921848,10.950000000000,0.025754090000
1352921871,10.950000000000,1.393569250000
1352921884,10.950000000000,1.379633560000
1352921888,10.950000000000,9.200000000000
1352921898,10.950000000000,1.365837230000
1352921909,10.950000000000,1.352178850000
1352921920,10.950000000000,1.338657070000
1352921932,10.950000000000,1.325270490000
1352921944,10.950000000000,1.312017790000
1352921958,10.950000000000,1.298897610000
1352921969,10.950000000000,1.285908640000
1352921971,10.989980000000,9.658778660000
1352921971,10.989990000000,5.859252210000
1352921971,10.990000000000,12.437588710000
1352921982,10.950010000000,1.273049550000
1352921993,10.950010000000,1.260319050000
1352922006,10.950010000000,1.247715860000
1352922010,10.990000000000,20.093084620000
1352922049,10.990000000000,16.948080070000
1352922049,10.990000000000,109.190100000000
1352922226,10.980010000000,0.060000000000
1352922232,10.990000000000,7.000000000000
1352922552,10.990000000000,41.750000000000
1352922568,10.990000000000,38.487965420000
1352922703,10.990000000000,5.523549800000
1352922715,10.980010000000,5.722854760000
1352922715,10.960000000000,4.277145240000
1352922716,10.960000000000,1.365729450000
1352922815,10.960010000000,0.049970390000
1352922815,10.960000000000,0.357125310000
1352922838,10.960000000000,7.592904300000
1352922838,10.988000000000,5.387130720000
1352922846,10.930010000000,0.150959080000
1352922846,10.930000000000,0.010000000000
1352922846,10.930000000000,1.074279620000
1352922872,10.930000000000,1.222886320000
1352922884,10.930000000000,0.702834060000
1352922884,10.927500000000,0.010000000000
1352922884,10.925000000000,0.010000000000
1352922884,10.922500000000,0.010000000000
1352922885,10.920000000000,0.010000000000
1352922885,10.917990000000,0.010000000000
1352922885,10.917500000000,0.010000000000
1352922885,10.915000000000,0.010000000000
1352922885,10.912500000000,0.010000000000
1352922885,10.910000000000,0.010000000000
1352922885,10.907500000000,0.010000000000
1352922885,10.907000000000,1.000000000000
1352922885,10.907000000000,1.000000000000
1352922885,10.907000000000,1.000000000000
1352922885,10.907000000000,1.000000000000
1352922885,10.907000000000,1.000000000000
1352922885,10.907000000000,1.000000000000
1352922885,10.905000000000,0.010000000000
1352922885,10.905000000000,10.000000000000
1352922885,10.903500000000,23.187165940000
1352922935,10.988990000000,9.873910170000
1352922940,10.918000000000,0.100990240000
1352922943,10.918000000000,2.899009760000
1352922954,10.987980000000,17.475459540000
1352922991,10.987980000000,1.747545950000
1352923057,10.987980000000,2.962448020000
1352923112,10.987980000000,0.609388260000
1352923112,10.987990000000,0.010000000000
1352923112,10.987990000000,0.100000000000
1352923144,10.989000000000,10.047456540000
1352923217,10.989000000000,17.473837470000
1352923234,10.989000000000,3.085596930000
1352923315,10.989000000000,2.727272730000
1352923630,10.988990000000,0.865213400000
1352923630,10.989000000000,0.665836330000
1352923630,10.989000000000,8.289488740000
1352923641,10.989000000000,24.900218400000
1352923782,10.989000000000,6.788313240000
1352923797,10.989000000000,6.021979620000
1352923797,10.989000000000,11.450020380000
1352923958,10.989000000000,0.549979620000
1352923958,10.989000000000,20.000000000000
1352923958,10.989000000000,5.719291520000
1352923962,10.989000000000,19.280708480000
1352923962,10.990000000000,20.033602360000
1352924204,10.989000000000,24.463372460000
1352924227,10.989000000000,0.027300030000
1352924274,10.918000000000,29.769985460000
1352924274,10.917990000000,0.010000000000
1352924365,10.917990000000,1.001892310000
1352924365,10.982220000000,33.627896720000
1352924464,10.982210000000,1.038000000000
1352924466,10.915500000000,0.563050410000
1352924466,10.915490000000,0.010000000000
1352924466,10.915490000000,3.000000000000
1352924473,10.915490000000,0.000452560000
1352924496,10.913000000000,1.038000000000
1352924496,10.912990000000,0.010000000000
1352924496,10.912990000000,7.000000000000
1352924496,10.912110000000,0.012588120000
1352924497,10.910490000000,0.010000000000
1352924497,10.910000000000,1.000000000000
1352924497,10.910000000000,1.000000000000
1352924497,10.908500000000,1.000000000000
1352924497,10.908500000000,1.000000000000
1352924497,10.907990000000,0.010000000000
1352924497,10.905490000000,0.010000000000
1352924497,10.902990000000,0.010000000000
1352924497,10.902500000000,0.010000000000
1352924497,10.902000000000,1.000000000000
1352924497,10.902000000000,1.000000000000
1352924497,10.902000000000,1.000000000000
1352924497,10.902000000000,1.000000000000
1352924497,10.901000000000,19.755100000000
1352924497,10.900490000000,0.010000000000
1352924497,10.900000000000,1.904543540000
1352924497,10.900000000000,2.219768340000
1352924498,10.900000000000,3.810000000000
1352924513,10.900010000000,0.014641100000
1352924513,10.900000000000,1.196016350000
1352924526,10.900000000000,1.198550880000
1352924528,10.900000000000,0.100000000000
1352924537,10.900000000000,1.186565370000
1352924548,10.900000000000,1.174699720000
1352924549,10.915480000000,1.448145090000
1352924549,10.915490000000,10.626497030000
1352924549,10.969590000000,3.701637880000
1352924561,10.900010000000,1.162952720000
1352924571,10.900010000000,0.564598900000
1352924571,10.900000000000,0.586724290000
1352924582,10.900000000000,1.139809960000
1352924592,10.900000000000,330.483265090000
1352924592,10.900000000000,2.293600000000
1352924592,10.900000000000,64.373557790000
1352924592,10.900000000000,179.087155960000
1352924592,10.900000000000,0.280000000000
1352924592,10.900000000000,20.000000000000
1352924592,10.900000000000,26.422000000000
1352924593,10.900000000000,100.000000000000
1352924593,10.900000000000,44.000000000000
1352924593,10.900000000000,914.408256880000
1352924593,10.900000000000,1.000000000000
1352924593,10.900000000000,1.000000000000
1352924593,10.900000000000,1.000000000000
1352924593,10.900000000000,275.229400000000
1352924593,10.900000000000,0.291000000000
1352924593,10.900000000000,100.000000000000
1352924593,10.900000000000,0.010000000000
1352924594,10.899760000000,0.010487820000
1352924594,10.899760000000,0.010487820000
1352924594,10.899760000000,0.010487810000
1352924594,10.899760000000,6.000000000000
1352924594,10.899540000000,2103.090300830000
1352924624,10.900000000000,1.128411860000
1352924634,10.900010000000,12.001588140000
1352924634,10.899540000000,2.142503260000
1352924634,10.898570000000,0.010000000000
1352924634,10.897990000000,0.010000000000
1352924634,10.897990000000,7.000000000000
1352924634,10.897600000000,0.010157210000
1352924635,10.897600000000,0.011133620000
1352924636,10.897590000000,0.606000010000
1352924636,10.897500000000,0.010000000000
1352924636,10.897110000000,0.010000000000
1352924636,10.897050000000,0.509636350000
1352924636,10.896990000000,0.731982800000
1352924636,10.896000000000,1.000000000000
1352924636,10.895700000000,0.300000000000
1352924636,10.895490000000,0.010000000000
1352924636,10.895400000000,1.444567080000
1352924636,10.895000000000,0.010000000000
1352924636,10.895000000000,0.010000000000
1352924636,10.894680000000,1.588650000000
1352924636,10.894290000000,0.010000000000
1352924636,10.894100000000,1.612610250000
1352924637,10.894000000000,1.000000000000
1352924637,10.892990000000,0.010000000000
1352924637,10.892500000000,0.010000000000
1352924637,10.891550000000,0.057530000000
1352924637,10.891000000000,1.000000000000
1352924637,10.890000000000,16.853799370000
1352924644,10.968540000000,0.038300000000
1352924677,10.902570000000,0.326712160000
1352924677,10.899540000000,0.136187840000
1352924691,10.900000000000,0.344551730000
1352924707,10.958960000000,0.000396020000
1352924723,10.907540000000,0.135108340000
1352924723,10.899540000000,6.863812160000
1352924723,10.898540000000,0.010000000000
1352924723,10.896040000000,0.010000000000
1352924723,10.893540000000,0.010000000000
1352924723,10.892920000000,0.896120900000
1352924723,10.891370000000,0.942031710000
1352924723,10.891040000000,0.010000000000
1352924724,10.890000000000,27.918742880000
1352924724,10.890000000000,0.010000000000
1352924724,10.890000000000,1.000000000000
1352924724,10.890000000000,0.010000000000
1352924724,10.888540000000,0.010000000000
1352924724,10.887790000000,0.606000010000
1352924724,10.887700000000,2.595739780000
1352924724,10.887500000000,0.010000000000
1352924724,10.886990000000,0.025970000000
1352924725,10.886990000000,0.097310000000
1352924725,10.886310000000,1.753225260000
1352924725,10.886200000000,4.570898160000
1352924725,10.886040000000,0.010000000000
1352924725,10.885010000000,60.012300000000
1352924725,10.885000000000,0.010000000000
1352924725,10.885000000000,0.005799720000
1352924725,10.884010000000,0.004611350000
1352924725,10.884000000000,0.250000000000
1352924725,10.882000000000,1.000000000000
1352924725,10.881400000000,1.608854400000
1352924725,10.880400000000,12.906020000000
1352924726,10.880320000000,2.996410220000
1352924726,10.880000000000,1.400000000000
1352924726,10.880000000000,1.000000000000
1352924729,10.880000000000,0.769519030000
1352924730,10.880000000000,0.271637350000
1352924744,10.880000000000,0.450041050000
1352924745,10.880000000000,0.465960860000
1352924753,10.880000000000,9.353886820000
1352924835,10.896850000000,0.730476890000
1352924836,10.887930000000,1.051115470000
1352924836,10.887930000000,7.000000000000
1352924836,10.885670000000,1.135457840000
1352924836,10.882000000000,1.000000000000
1352924836,10.880010000000,19.082949800000
1352924874,10.888570000000,1.018688420000
1352924874,10.884390000000,1.187571870000
1352924874,10.884390000000,6.000000000000
1352924874,10.881380000000,1.287227740000
1352924874,10.880010000000,11.563163380000
1352924884,10.880000000000,1.442229000000
1352924959,10.892630000000,0.857219350000
1352924959,10.881900000000,1.255355770000
1352924959,10.881900000000,5.887424880000
1352924963,10.910990000000,0.240000000000
1352924978,10.884000000000,0.463100000000
1352924982,10.884000000000,0.706156210000
1352924982,10.882610000000,0.293843790000
1352924992,10.910990000000,0.140000000000
1352925049,10.882610000000,0.929536860000
1352925049,10.881900000000,0.070463140000
1352925100,10.881900000000,1.000000000000
1352925102,10.881900000000,0.042111980000
1352925114,10.878410000000,0.086348390000
1352925114,10.878400000000,4.712136930000
1352925115,10.878000000000,0.010159840000
1352925115,10.878000000000,0.020244270000
1352925115,10.877990000000,0.606000010000
1352925116,10.877000000000,1.000000000000
1352925116,10.876520000000,1.639576660000
1352925116,10.876400000000,4.712988920000
1352925116,10.876000000000,3.134180370000
1352925116,10.875750000000,1.677981330000
1352925116,10.875190000000,1.490793540000
1352925116,10.875100000000,4.713581420000
1352925116,10.874900000000,1.000000000000
1352925116,10.874900000000,1.000000000000
1352925116,10.874900000000,1.000000000000
1352925116,10.874900000000,1.000000000000
1352925117,10.874690000000,0.027080000000
1352925117,10.874690000000,0.011800000000
1352925117,10.872900000000,4.714502660000
1352925117,10.872900000000,4.714524140000
1352925117,10.872900000000,4.714504810000
1352925117,10.872900000000,0.946013600000
1352925142,10.878400000000,4.000000000000
1352925142,10.872910000000,0.136000540000
1352925142,10.872900000000,3.768499800000
1352925142,10.872300000000,4.621846660000
1352925142,10.872000000000,1.000000000000
1352925142,10.871800000000,4.622055110000
1352925142,10.871400000000,4.577143260000
1352925143,10.871000000000,4.715353350000
1352925143,10.870000000000,4.000000000000
1352925143,10.870000000000,1.020000000000
1352925143,10.870000000000,1.000000000000
1352925143,10.869980000000,0.000040440000
1352925143,10.868190000000,0.606000010000
1352925143,10.868000000000,0.207200000000
1352925143,10.868000000000,4.716653620000
1352925143,10.867900000000,4.716672970000
1352925143,10.867700000000,0.079380000000
1352925143,10.867500000000,1.770000000000
1352925143,10.867000000000,0.093010000000
1352925144,10.867000000000,1.000000000000
1352925144,10.866900000000,4.624166000000
1352925144,10.866140000000,0.038506760000
1352925144,10.866130000000,1.819810590000
1352925144,10.865500000000,4.717728770000
1352925144,10.864000000000,0.250000000000
1352925144,10.863000000000,4.627129390000
1352925160,10.877340000000,1.113682230000
1352925166,10.877340000000,0.485370560000
1352925280,10.877300000000,1.097691700000
1352925294,10.877310000000,8.813808300000
1352925294,10.870200000000,1.825957380000
1352925294,10.868200000000,1.919147700000
1352925294,10.863000000000,0.091694380000
1352925294,10.863000000000,4.000000000000
1352925294,10.862700000000,4.718927050000
1352925294,10.862100000000,3.138186550000
1352925294,10.862000000000,1.000000000000
1352925294,10.861000000000,4.719660960000
1352925295,10.860610000000,2.889276730000
1352925295,10.860100000000,0.370000000000
1352925295,10.860100000000,3.220000000000
1352925295,10.860100000000,0.010526110000
1352925295,10.860000000000,10.000000000000
1352925295,10.860000000000,15.000000000000
1352925295,10.860000000000,50.000000000000
1352925295,10.860000000000,1.000000000000
1352925295,10.860000000000,1.000000000000
1352925295,10.860000000000,5.034500000000
1352925295,10.860000000000,4.720095810000
1352925296,10.858880000000,0.064550000000
1352925296,10.858800000000,1.844071990000
1352925296,10.858600000000,4.720718090000
1352925296,10.858470000000,0.023490000000
1352925296,10.858400000000,0.010163180000
1352925296,10.858400000000,0.011178090000
1352925297,10.858390000000,0.606000010000
1352925297,10.858000000000,0.010000000000
1352925297,10.857000000000,0.120700000000
1352925297,10.856580000000,5.000000000000
1352925308,10.856000000000,3.000000000000
1352925313,10.856000000000,2.088450380000
1352925332,10.856000000000,1.868882710000
1352925341,10.856000000000,0.770000000000
1352925342,10.856000000000,1.827568830000
1352925359,10.856000000000,2.190584040000
1352925362,10.856000000000,5.000000000000
1352925371,10.856000000000,1.000000000000
1352925374,10.856000000000,1.000000000000
1352925397,10.856000000000,1.000000000000
1352925400,10.856000000000,1.000000000000
1352925407,10.856000000000,1.000000000000
1352925414,10.856000000000,1.000000000000
1352925416,10.856000000000,1.000000000000
1352925427,10.856000000000,10.000000000000
1352925434,10.855700000000,0.300000000000
1352925435,10.854400000000,4.496553770000
1352925436,10.854400000000,7.000000000000
1352925436,10.853640000000,28.632023210000
1352925466,10.899990000000,5.526900000000
1352925518,10.899990000000,3.013955580000
1352925518,10.900000000000,0.984060000000
1352925519,10.920000000000,36.638876210000
1352925546,10.919990000000,11.477632920000
1352925546,10.920000000000,22.068728930000
1352925649,10.862810000000,2.290000000000
1352925702,10.920000000000,40.636891790000
1352925708,10.920000000000,7.912912080000
1352925865,10.862810000000,17.677674510000
1352925865,10.862800000000,2.036716480000
1352925866,10.853640000000,2.285609010000
1352925875,10.899990000000,13.167913200000
1352925875,10.900000000000,20.000000000000
1352925877,10.919000000000,7.468978590000
1352925889,10.853700000000,1.086714780000
1352925898,10.858480000000,1.075847630000
1352925912,10.858480000000,1.065089160000
1352925923,10.858480000000,1.054438270000
1352925934,10.858480000000,1.043893880000
1352925936,10.858480000000,9.077003780000
1352925936,10.858470000000,1.085734740000
1352925936,10.853640000000,41.119267780000
1352925936,10.853640000000,7.000000000000
1352925936,10.853320000000,0.554200000000
1352925936,10.853200000000,2.378268610000
1352925936,10.853000000000,1.000000000000
1352925936,10.851600000000,4.723756490000
1352925937,10.851500000000,3.391742440000
1352925937,10.850100000000,22.670026160000
1352925937,10.919990000000,9.942228680000
1352925938,10.920000000000,30.694663110000
1352926026,10.919990000000,20.052426180000
1352926026,10.920000000000,17.885456260000
1352926073,10.850110000000,10.011167660000
1352926074,10.850100000000,15.946086240000
1352926173,10.919990000000,10.011167660000
1352926173,10.920000000000,16.288832340000
1352926354,10.920000000000,18.863452380000
1352926399,10.920000000000,9.010186900000
1352926399,10.924700000000,0.221448640000
1352926409,10.924690000000,4.127611540000
1352926409,10.924700000000,36.472101020000
1352926429,10.925690000000,0.859144360000
1352926429,10.925700000000,0.010000000000
1352926429,10.925700000000,0.010000000000
1352926429,10.928200000000,0.010000000000
1352926429,10.928200000000,0.010000000000
1352926429,10.930700000000,0.010000000000
1352926429,10.930700000000,0.010000000000
1352926429,10.933000000000,0.010000000000
1352926429,10.933200000000,0.010000000000
1352926429,10.935700000000,0.010000000000
1352926429,10.938200000000,0.010000000000
1352926429,10.940700000000,0.010000000000
1352926429,10.942180000000,23.232457470000
1352926429,10.942190000000,6.509872330000
1352926466,10.920170000000,0.010000000000
1352926466,10.922670000000,0.010000000000
1352926466,10.925170000000,0.010000000000
1352926466,10.927670000000,0.010000000000
1352926466,10.930170000000,0.010000000000
1352926466,10.932670000000,0.010000000000
1352926466,10.935170000000,0.010000000000
1352926466,10.937670000000,0.010000000000
1352926467,10.940170000000,0.010000000000
1352926467,10.942670000000,0.010000000000
1352926467,10.943200000000,0.010000000000
1352926467,10.945170000000,0.010000000000
1352926467,10.945700000000,0.010000000000
1352926467,10.948400000000,0.010000000000
1352926467,10.948400000000,0.010000000000
1352926467,10.950900000000,0.010000000000
1352926467,10.950900000000,0.010000000000
1352926467,10.953400000000,0.010000000000
1352926467,10.953400000000,0.010000000000
1352926467,10.954000000000,40.298581960000
1352926489,10.953990000000,7.813634940000
1352926489,10.954310000000,0.010000000000
1352926489,10.955000000000,15.397396620000
1352926490,10.955000000000,14.602603380000
1352926490,10.955900000000,0.010000000000
1352926490,10.955900000000,0.010000000000
1352926490,10.956810000000,0.010000000000
1352926490,10.958400000000,0.010000000000
1352926490,10.958400000000,0.010000000000
1352926490,10.959000000000,1.462000000000
1352926490,10.959000000000,4.916741490000
1352926517,10.954310000000,0.010000000000
1352926517,10.954310000000,0.010000000000
1352926518,10.956810000000,0.010000000000
1352926518,10.959310000000,0.010000000000
1352926518,10.959310000000,0.010000000000
1352926518,10.960000000000,13.090070250000
1352926537,10.959990000000,5.527646210000
1352926537,10.960000000000,11.992431560000
1352926585,10.960000000000,17.518200000000
1352926614,10.960000000000,1.000000000000
1352926620,10.960000000000,10.799835150000
1352926626,10.960000000000,5.200000000000
1352926642,10.960000000000,3.066012770000
1352926650,10.959000000000,1.000000000000
1352926652,10.958000000000,1.000000000000
1352926710,10.957000000000,1.000000000000
1352926711,10.956000000000,1.000000000000
1352926712,10.951000000000,1.000000000000
1352926712,10.937000000000,1.000000000000
1352926721,10.951000000000,1.000000000000
1352926721,10.956000000000,1.000000000000
1352926771,10.956000000000,1.000000000000
1352926771,10.937000000000,1.000000000000
1352926771,10.935000000000,1.000000000000
1352926782,10.935000000000,2.000000000000
1352926832,10.939000000000,3.000000000000
1352926833,10.939000000000,126.652800000000
1352926928,10.939000000000,11.884100000000
1352926932,10.939000000000,2.762430940000
1352926939,10.939000000000,0.658530030000
1352927032,10.938000000000,40.377217040000
1352927088,10.938000000000,27.210733220000
1352927193,10.938000000000,1.755531170000
1352927547,10.938000000000,19.754270430000
1352927552,10.925010000000,1.630000000000
1352927667,10.938000000000,33.355092330000
1352927688,10.925010000000,5.000000000000
1352927775,10.938000000000,27.427300000000
1352927831,10.938000000000,0.027427320000
1352927840,10.938000000000,4.477597500000
1352927841,10.939000000000,1.666609370000
1352927928,10.925010000000,41.469474610000
1352927928,10.925000000000,8.530525390000
1352927933,10.937990000000,1.025656040000
1352927934,10.938000000000,7.623043960000
1352928102,10.925010000000,0.340000000000
1352928117,10.925010000000,0.685666150000
1352928118,10.925000000000,1.469474610000
1352928118,10.920170000000,0.056226230000
1352928118,10.920170000000,7.000000000000
1352928118,10.919000000000,1.000000000000
1352928118,10.912000000000,1.000000000000
1352928118,10.910000000000,1.000000000000
1352928118,10.909000000000,1.000000000000
1352928118,10.905000000000,1.000000000000
1352928129,10.900000000000,3.000000000000
1352928273,10.900000000000,13.447900000000
1352928318,10.900000000000,6.698679810000
1352928379,10.893010000000,0.091661830000
1352928379,10.893000000000,1.000000000000
1352928379,10.893000000000,6.000000000000
1352928379,10.884300000000,0.010000000000
1352928379,10.883540000000,0.010000000000
1352928379,10.881040000000,0.010000000000
1352928379,10.879300000000,0.010000000000
1352928379,10.878540000000,0.010000000000
1352928379,10.876040000000,0.010000000000
1352928379,10.875000000000,0.010000000000
1352928379,10.874990000000,0.010000000000
1352928379,10.874300000000,0.010000000000
1352928379,10.870000000000,0.010000000000
1352928380,10.870000000000,1.000000000000
1352928380,10.869300000000,0.010000000000
1352928380,10.868680000000,0.010000000000
1352928380,10.865000000000,0.010000000000
1352928380,10.864300000000,0.010000000000
1352928380,10.860510000000,16.132208540000
1352928388,10.899990000000,6.018088380000
1352928388,10.900000000000,10.981911620000
1352928557,10.893010000000,0.022617200000
1352928557,10.893000000000,1.010837740000
1352928559,10.937990000000,10.530000000000
1352928569,10.893000000000,1.023120390000
1352928582,10.893010000000,1.012889190000
1352928592,10.893010000000,1.002760300000
1352928604,10.893010000000,0.992732700000
1352928618,10.893010000000,0.982805370000
1352928643,10.893010000000,0.972977310000
1352928653,10.893010000000,5.560371260000
1352928653,10.893000000000,0.966041870000
1352928653,10.890000000000,10.230500000000
1352928653,10.862020000000,7.180328330000
1352928656,10.862010000000,59.942900000000
1352928656,10.860000000000,0.010000000000
1352928656,10.859300000000,0.010000000000
1352928656,10.856300000000,0.010000000000
1352928656,10.855000000000,0.010000000000
1352928656,10.854300000000,0.010000000000
1352928656,10.854000000000,1.000000000000
1352928657,10.850100000000,11.383887600000
1352928658,10.850000000000,19.048847920000
1352928658,10.850000000000,0.130000000000
1352928658,10.850000000000,0.092786180000
1352928658,10.850000000000,0.010000000000
1352928658,10.850000000000,0.500000000000
1352928658,10.850000000000,12.205500000000
1352928658,10.850000000000,1.000000000000
1352928658,10.850000000000,100.000000000000
1352928658,10.850000000000,0.010000000000
1352928658,10.850000000000,10.000000000000
1352928658,10.850000000000,0.118000000000
1352928658,10.850000000000,0.250000000000
1352928659,10.850000000000,1.000000000000
1352928659,10.850000000000,1.000000000000
1352928659,10.850000000000,1.000000000000
1352928659,10.849600000000,3.392343630000
1352928659,10.849300000000,0.010000000000
1352928660,10.848600000000,0.020237850000
1352928660,10.848590000000,0.606000010000
1352928661,10.847990000000,0.010000000000
1352928661,10.847770000000,2.457996430000
1352928661,10.845760000000,5.000000000000
1352928661,10.845500000000,3.143001770000
1352928661,10.845490000000,0.010000000000
1352928661,10.845490000000,0.010000000000
1352928661,10.845340000000,0.015160000000
1352928661,10.845010000000,0.104490000000
1352928661,10.845000000000,0.010000000000
1352928661,10.844300000000,0.010000000000
1352928661,10.844000000000,0.250000000000
1352928661,10.843200000000,4.727425000000
1352928662,10.843200000000,4.727425000000
1352928662,10.843050000000,2.693444400000
1352928662,10.843000000000,1.846754370000
1352928662,10.842990000000,0.010000000000
1352928662,10.842210000000,2.435042730000
1352928662,10.841700000000,0.123630000000
1352928662,10.841280000000,0.795000000000
1352928662,10.840490000000,0.010000000000
1352928662,10.840280000000,2.593941080000
1352928662,10.840010000000,0.104540000000
1352928662,10.840000000000,9.132800000000
1352928662,10.840000000000,4.310000000000
1352928662,10.840000000000,0.010000000000
1352928662,10.840000000000,5.000000000000
1352928662,10.840000000000,1.000000000000
1352928662,10.839300000000,0.010000000000
1352928663,10.838800000000,0.010167190000
1352928663,10.838800000000,0.011206340000
1352928663,10.838790000000,0.606000010000
1352928663,10.837990000000,0.010000000000
1352928663,10.837500000000,0.500000000000
1352928663,10.835490000000,0.010000000000
1352928663,10.835010000000,0.104590000000
1352928663,10.835000000000,3.420000000000
1352928663,10.834300000000,0.010000000000
1352928663,10.833730000000,0.102800000000
1352928663,10.833710000000,3.082047450000
1352928663,10.832990000000,0.010000000000
1352928663,10.831260000000,0.014600000000
1352928663,10.830690000000,2.986759110000
1352928663,10.830490000000,0.010000000000
1352928664,10.830010000000,0.104640000000
1352928664,10.830000000000,1.000000000000
1352928664,10.830000000000,0.100000000000
1352928664,10.829990000000,0.010000000000
1352928664,10.829800000000,1.989209550000
1352928684,10.893000000000,0.963247540000
1352928684,10.893000000000,0.963247540000
1352928696,10.893000000000,0.943982590000
1352928706,10.893000000000,4.129522330000
1352928824,10.936990000000,13.470239340000
1352928824,10.937000000000,1.126000000000
1352928824,10.938000000000,31.107560660000
1352928842,10.937990000000,16.405557570000
1352928842,10.938000000000,29.298242430000
1352928862,10.868000000000,3.340000000000
1352928865,10.938000000000,6.000000000000
1352928877,10.938000000000,23.971152950000
1352928877,10.938000000000,0.563000000000
1352928877,10.939000000000,21.169647050000
1352928931,10.938990000000,0.847461590000
1352928931,10.939000000000,18.553738410000
1352929078,10.938990000000,1.629473910000
1352929078,10.939000000000,42.254794770000
1352929106,10.870010000000,0.934542770000
1352929216,10.870010000000,5.968200000000
1352929301,10.870010000000,7.000000000000
1352929427,10.935150000000,10.000000000000
1352929427,10.938000000000,33.890884980000
1352929429,10.938000000000,5.409789450000
1352929484,10.938000000000,19.199100000000
1352929540,10.938000000000,39.500225570000
1352929608,10.938010000000,10.499774430000
1352929608,10.900000000000,11.000000000000
1352929608,10.900000000000,3.500225570000
1352929668,10.939000000000,16.397349430000
1352929668,10.950000000000,3.300095570000
1352929668,10.950000000000,14.952770770000
1352929720,10.900020000000,15.000000000000
1352929761,10.900020000000,0.138472720000
1352929761,10.900000000000,0.499774430000
1352929761,10.900000000000,0.286950190000
1352929787,10.900000000000,0.171749810000
1352929787,10.900000000000,0.744195550000
1352929807,10.900000000000,0.906785910000
1352929824,10.900000000000,0.897718050000
1352929836,10.900000000000,0.451300490000
1352929925,10.900000000000,0.437440380000
1352929939,10.948890000000,16.055000000000
1352930004,10.900010000000,9.000000000000
1352930086,10.930000000000,26.005270810000
1352930148,10.930000000000,44.566300000000
1352930203,10.930000000000,26.791445560000
1352930206,10.930000000000,3.000000000000
1352930226,10.929000000000,0.000001820000
1352930238,10.929000000000,0.027073700000
1352930357,10.929000000000,0.268000000000
1352930388,10.929010000000,6.907362880000
1352930388,10.929000000000,39.732000000000
1352930396,10.928890000000,5.040863380000
1352930396,10.928900000000,8.360637120000
1352930396,10.930000000000,24.501672070000
1352930408,10.929990000000,0.391036430000
1352930409,10.930000000000,219.205663570000
1352930493,10.930000000000,2.319129230000
1352930493,10.930000000000,1.897229640000
1352930534,10.930000000000,10.189400000000
1352930537,10.930000000000,18.298300000000
1352930546,10.930000000000,2.742230350000
1352930586,10.930000000000,2.547383340000
1352930601,10.929000000000,43.924421260000
1352930616,10.929000000000,5.709100000000
1352930667,10.929000000000,4.274759620000
1352930743,10.929000000000,39.524200000000
1352930761,10.929000000000,10.567519120000
1352930761,10.930000000000,15.785688920000
1352930877,10.930000000000,20.000000000000
1352930918,10.930000000000,29.870000000000
1352930958,10.930000000000,22.838609330000
1352931027,10.930000000000,8.060000000000
1352931067,10.929000000000,0.134000000000
1352931073,10.929000000000,19.866000000000
1352931075,10.929000000000,0.004000000000
1352931080,10.929530000000,7.131000000000
1352931128,10.930000000000,21.381677180000
1352931128,10.930000000000,500.000000000000
1352931276,10.949970000000,4.710106650000
1352931280,10.949980000000,22.689893350000
1352931364,10.949980000000,3.463380750000
1352931382,10.949980000000,0.126725900000
1352931391,10.950000000000,5.260821910000
1352931394,10.949990000000,1.623274100000
1352931436,10.950000000000,0.027397260000
1352931471,10.950000000000,6.458914490000
1352931472,10.957000000000,1.000000000000
1352931472,10.958890000000,66.138257610000
1352931523,10.958820000000,3.422528310000
1352931523,10.958830000000,4.577471690000
1352931853,10.930010000000,1.000000000000
1352931956,10.957980000000,19.336500000000
1352931997,10.940110000000,2.169400000000
1352931997,10.930000000000,1.220600000000
1352932104,10.957980000000,7.885486190000
1352932142,10.957960000000,8.761667310000
1352932253,10.957960000000,11.868332690000
1352932254,10.958000000000,5.654981740000
1352932284,10.958000000000,14.594919140000
1352932285,10.958000000000,29.213257890000
1352932371,10.958000000000,53.536841230000
1352932439,10.958800000000,1.070000000000
1352932439,10.958830000000,0.710000000000
1352932439,10.958870000000,17.068729710000
1352932447,10.958890000000,7.668652180000
1352932447,10.959000000000,1.000000000000
1352932447,10.960000000000,21.331347820000
1352932471,10.959990000000,0.540653800000
1352932471,10.960000000000,7.959346200000
1352932486,10.960000000000,0.260037400000
1352932562,10.958010000000,7.763158770000
1352932567,10.930010000000,13.153509770000
1352932567,10.930000000000,1.779400000000
1352932567,10.901000000000,16.067090230000
1352932609,10.901010000000,0.153131860000
1352932609,10.901000000000,0.726721600000
1352932641,10.901000000000,2.273278400000
1352932649,10.900000000000,5.634653210000
1352932649,10.870000000000,10.000000000000
1352932649,10.866990000000,0.010000000000
1352932649,10.864490000000,0.010000000000
1352932649,10.861990000000,0.010000000000
1352932649,10.861000000000,1.457000000000
1352932649,10.860000000000,10.000000000000
1352932649,10.860000000000,10.000000000000
1352932649,10.859490000000,0.010000000000
1352932649,10.856990000000,0.010000000000
1352932649,10.854490000000,0.000732410000
1352932649,10.853150000000,1.838657820000
1352932649,10.849050000000,2.182863980000
1352932649,10.842020000000,59.982600000000
1352932649,10.841020000000,2.455080660000
1352932650,10.838760000000,2.465960380000
1352932650,10.830100000000,4.112681270000
1352932650,10.830000000000,10.000000000000
1352932650,10.830000000000,23.049492150000
1352932650,10.829820000000,3.064958690000
1352932650,10.829800000000,2.744051480000
1352932650,10.829000000000,1.000000000000
1352932650,10.828990000000,0.606000010000
1352932650,10.828900000000,0.230000000000
1352932650,10.827000000000,1.000000000000
1352932650,10.826890000000,0.377230000000
1352932651,10.826300000000,0.069350000000
1352932651,10.825890000000,5.000000000000
1352932651,10.825010000000,0.104680000000
1352932651,10.824000000000,2.574007940000
1352932672,10.900990000000,34.605314410000
1352932673,10.957000000000,59.971800000000
1352932673,10.957990000000,0.522885590000
1352932698,10.872000000000,0.228097450000
1352932745,10.872000000000,0.868773950000
1352932745,10.957000000000,38.568923060000
1352932755,10.872000000000,0.020973990000
1352932767,10.872000000000,0.839112220000
1352932767,10.872000000000,0.859876470000
1352932781,10.872000000000,0.842886590000
1352932795,10.872000000000,0.834457720000
1352932806,10.872000000000,0.826113140000
1352932828,10.872000000000,0.817852010000
1352932836,10.872000000000,0.900000000000
1352932846,10.872000000000,0.809673490000
1352932855,10.872000000000,0.801576760000
1352932876,10.872000000000,0.950617180000
1352932876,10.871990000000,1.115413950000
1352932877,10.871990000000,6.000000000000
1352932877,10.867880000000,1.441632870000
1352932879,10.855540000000,59.962100000000
1352932879,10.854540000000,0.729000000000
1352932879,10.852540000000,1.942814000000
1352932880,10.846510000000,2.144397250000
1352932880,10.841640000000,2.546495890000
1352932880,10.824000000000,0.575243550000
1352932880,10.824000000000,0.250000000000
1352932881,10.821600000000,2.620959230000
1352932881,10.821500000000,1.617747030000
1352932881,10.821500000000,0.010000000000
1352932882,10.820110000000,18.593579050000
1352933048,10.872000000000,0.793560990000
1352933063,10.953800000000,3.989329480000
1352933063,10.953810000000,11.073870520000
1352933066,10.929540000000,3.575185040000
1352933066,10.929530000000,40.000000000000
1352933067,10.864940000000,10.600000000000
1352933093,10.929530000000,0.300000000000
1352933101,10.929530000000,6.124814960000
1352933101,10.953840000000,12.120936580000
1352933102,10.953840000000,0.182990000000
1352933136,10.951810000000,3.018872840000
1352933136,10.953840000000,13.990097530000
1352933162,10.953810000000,0.556305720000
1352933162,10.954840000000,1.154000000000
1352933162,10.956820000000,20.196502260000
1352933447,10.955790000000,0.600701750000
1352933520,10.956840000000,5.000000000000
1352933551,10.956880000000,0.577000000000
1352933568,10.956890000000,8.275877550000
1352933568,10.956840000000,29.724122450000
1352933624,10.956840000000,1.075877550000
1352933624,10.955790000000,0.106242450000
1352933647,10.950000000000,0.017880000000
1352933700,10.929540000000,0.929000000000
1352933709,10.929540000000,0.785625380000
1352933722,10.929540000000,0.777769130000
1352933735,10.929540000000,0.769991430000
1352933746,10.929540000000,0.762291520000
1352933757,10.929540000000,0.140698220000
1352933757,10.929530000000,0.613970390000
1352933771,10.929540000000,0.023597740000
1352933771,10.929530000000,0.723524180000
1352933794,10.929530000000,0.739650700000
1352933796,10.957840000000,0.671531340000
1352933796,10.957850000000,31.750468660000
1352933798,10.929530000000,0.922854730000
1352933798,10.900000000000,1.077145270000
1352933798,10.900000000000,0.033000000000
1352933900,10.900010000000,0.732254190000
1352933971,10.957840000000,6.701366320000
1352934154,10.957840000000,12.874929000000
1352934154,10.957850000000,13.410348740000
1352934162,10.957840000000,0.725234730000
1352934162,10.957850000000,2.016995620000
1352934198,10.957850000000,2.822186980000
1352934198,10.958000000000,56.318924980000
1352934240,10.957990000000,0.104862640000
1352934240,10.958000000000,2.917916250000
1352934240,10.960000000000,16.687854920000
1352934374,10.900010000000,0.500000000000
1352934375,10.900010000000,0.500000000000
1352934375,10.900010000000,3.244290000000
1352934466,10.960000000000,6.044425180000
1352934477,10.960000000000,2.050438750000
1352934477,10.960000000000,7.073661250000
1352934532,10.950010000000,16.051906670000
1352934532,10.950000000000,1.700000000000
1352934616,10.949990000000,15.088610600000
1352934616,10.950000000000,19.983489400000
1352934678,10.950000000000,2.600000000000
1352934689,10.950000000000,36.529680360000
1352934712,10.950000000000,14.915723570000
1352934722,10.960000000000,12.264051090000
1352934801,10.960000000000,1.752007290000
1352934853,10.960000000000,13.139600000000
1352934877,10.960000000000,8.443837280000
1352934878,10.960000000000,4.602945250000
1352934906,10.959990000000,6.638988660000
1352934906,10.960000000000,2.120111340000
1352934915,10.900010000000,0.724931650000
1352935009,10.960000000000,8.943493140000
1352935010,10.967000000000,0.289000000000
1352935010,10.967990000000,25.438522460000
1352935033,10.967980000000,6.163829730000
1352935033,10.967990000000,2.953570270000
1352935033,10.967990000000,0.027372260000
1352935038,10.967980000000,0.000125820000
1352935093,10.967980000000,0.724805830000
1352935093,10.967990000000,10.890535010000
1352935093,10.968000000000,11.074460240000
1352935167,10.968000000000,38.925539760000
1352935167,10.968000000000,0.144000000000
1352935167,10.969000000000,30.000000000000
1352935167,10.970000000000,22.098020960000
1352935240,10.969990000000,1.673744510000
1352935240,10.970000000000,16.705564260000
1352935241,10.970000000000,7.876845940000
1352935264,10.970000000000,35.559566050000
1352935264,10.970000000000,8.200689150000
1352935271,10.970000000000,39.384229710000
1352935375,10.970000000000,14.744000000000
1352935433,10.900010000000,5.000000000000
1352935478,10.970000000000,7.433803560000
1352935478,10.970000000000,10.070298080000
1352935498,10.969990000000,4.164304810000
1352935498,10.970000000000,1.485695190000
1352935499,10.970000000000,0.038836820000
1352935529,10.970000000000,21.880127620000
1352935575,10.970000000000,8.752051040000
1352935583,10.970000000000,42.009100000000
1352935587,10.970000000000,21.880127620000
1352935594,10.901010000000,1.000000000000
1352935780,10.970000000000,0.182300000000
1352935879,10.970000000000,35.008200000000
1352935906,10.970000000000,43.760255240000
1352936056,10.965000000000,25.000000000000
1352936056,10.970000000000,70.241696000000
1352936082,10.969990000000,0.991620530000
1352936082,10.970000000000,9.073238830000
1352936108,10.970000000000,26.256153140000
1352936131,10.970000000000,31.944986320000
1352936184,10.968000000000,21.884100000000
1352936251,10.930010000000,0.474598710000
1352936371,10.968000000000,15.756564550000
1352936409,10.968000000000,22.750900000000
1352936466,10.930010000000,0.204960730000
1352936500,10.968000000000,4.558700000000
1352936540,10.930010000000,7.630000000000
1352936802,10.968000000000,35.049735450000
1352936802,10.970000000000,3.557576110000
1352936807,10.970000000000,28.006563350000
1352936844,10.970000000000,27.438400000000
1352936927,10.970000000000,288.411675010000
1352936927,10.970000000000,0.281379120000
1352936927,10.970000000000,19.306945870000
1352936979,10.970000000000,0.693054130000
1352936979,10.975000000000,50.000000000000
1352936979,10.982220000000,7.958400000000
1352936979,10.983450000000,32.506245870000
1352936998,10.930010000000,20.510459350000
1352936998,10.930000000000,2.869540650000
1352937034,10.983440000000,17.247072290000
1352937034,10.983450000000,133.226754130000
1352937034,10.984300000000,0.047260000000
1352937034,10.984430000000,501.461318720000
1352937037,10.987000000000,0.017594860000
1352937190,10.930010000000,0.109814120000
1352937225,10.980000000000,9.572405140000
1352937231,10.987900000000,5.000000000000
1352937231,10.989000000000,4.051876420000
1352937299,10.980010000000,7.176823340000
1352937314,10.980010000000,1.465671520000
1352937320,10.988990000000,3.855870900000
1352937320,10.989000000000,45.948123580000
1352937321,10.989500000000,39.383405970000
1352937347,10.980000000000,7.294800000000
1352937353,10.980000000000,4.553700000000
1352937393,10.930010000000,0.631257390000
1352937404,10.930010000000,0.624944810000
1352937415,10.930010000000,0.618695360000
1352937429,10.930010000000,0.612508410000
1352937442,10.930010000000,0.606383330000
1352937455,10.930010000000,0.600319490000
1352937468,10.930010000000,0.594316300000
1352937482,10.930010000000,0.588373130000
1352937496,10.930010000000,0.582489400000
1352937508,10.930010000000,0.576664510000
1352937543,10.980000000000,6.858500000000
1352937543,10.980000000000,3.159700000000
1352937543,10.980000000000,3.152873860000
1352937543,10.989500000000,25.971298050000
1352937552,10.930010000000,0.507772130000
1352937568,10.950000000000,600.000000000000
1352937612,10.987480000000,5.480972850000
1352937663,10.989500000000,5.240000000000
1352937674,10.987490000000,5.000000000000
1352937685,10.987490000000,4.519027150000
1352937711,10.987480000000,0.480972850000
1352937711,10.989500000000,29.405295980000
1352937711,10.990000000000,13.795797990000
1352937781,10.989990000000,0.339096200000
1352937782,10.990000000000,2.403134150000
1352937783,10.990000000000,0.000356680000
1352937821,10.990000000000,24.024340300000
1352937957,10.990000000000,4.913600000000
1352938046,10.990000000000,18.271100000000
1352938135,10.990000000000,28.184713300000
1352938197,10.990000000000,16.249190170000
1352938204,10.990000000000,16.597800000000
1352938241,10.990000000000,6.501463890000
1352938242,10.990000000000,0.300000000000
1352938242,10.990000000000,5.000000000000
1352938242,10.990180000000,0.010000000000
1352938242,10.990180000000,0.010000000000
1352938242,10.990180000000,0.010000000000
1352938242,10.990180000000,0.010000000000
1352938242,10.990180000000,0.010000000000
1352938242,10.990180000000,0.010000000000
1352938242,10.990180000000,0.010000000000
1352938242,10.990180000000,0.010000000000
1352938242,10.990180000000,0.010000000000
1352938242,10.990180000000,0.010000000000
1352938242,10.990180000000,0.010000000000
1352938242,10.990180000000,0.010000000000
1352938242,10.990180000000,0.010000000000
1352938243,10.991810000000,0.010000000000
1352938243,10.992680000000,0.010000000000
1352938243,10.992680000000,0.010000000000
1352938243,10.992680000000,0.010000000000
1352938243,10.992680000000,0.010000000000
1352938243,10.992680000000,0.010000000000
1352938243,10.992680000000,0.010000000000
1352938243,10.992680000000,0.010000000000
1352938243,10.992680000000,0.010000000000
1352938243,10.992680000000,0.010000000000
1352938243,10.994310000000,0.010000000000
1352938243,10.995180000000,0.010000000000
1352938243,10.995180000000,0.010000000000
1352938243,10.995180000000,0.010000000000
1352938243,10.996810000000,0.010000000000
1352938243,10.997490000000,23.219286730000
1352938243,10.997500000000,8.358289610000
1352938309,10.997500000000,43.650829730000
1352938400,10.997500000000,34.920663780000
1352938479,10.997500000000,10.189693110000
1352938487,10.950010000000,1.234486120000
1352938510,10.997500000000,2.880523770000
1352938510,10.997680000000,0.010000000000
1352938510,10.998860000000,5.000000000000
1352938510,10.999000000000,5.000000000000
1352938510,10.999000000000,5.000000000000
1352938510,10.999310000000,0.010000000000
1352938510,10.999980000000,8.286121420000
1352938545,10.999980000000,17.023878580000
1352938545,11.000000000000,1.976121420000
1352938553,11.000000000000,8.000000000000
1352938568,11.000000000000,0.640900000000
1352938572,11.000000000000,4.887781810000
1352938630,11.000000000000,0.027272730000
1352938780,11.000000000000,55.000000000000
1352938794,10.950010000000,8.600000000000
1352938839,11.000000000000,80.299272720000
1352938841,11.000000000000,31.000000000000
1352938876,10.950010000000,0.647175970000
1352938881,11.000000000000,4.800500000000
1352938884,11.000000000000,35.181800000000
1352938910,11.000000000000,24.550756530000
1352938910,11.000000000000,1.000000000000
1352938910,11.000000000000,2.449243470000
1352938928,11.000000000000,0.150756530000
1352938928,11.000000000000,0.849243470000
1352938939,10.950010000000,0.005336460000
1352938961,11.000000000000,1.150756530000
1352938961,11.000000000000,5.000000000000
1352938961,11.000000000000,5.980000000000
1352938961,11.000000000000,2.836941810000
1352939180,10.960010000000,1.000000000000
1352939295,10.990000000000,1.000000000000
1352939295,11.000000000000,1.163058190000
1352939295,11.000000000000,5.000000000000
1352939295,11.000000000000,9.337000000000
1352939295,11.000000000000,4.273923630000
1352939358,10.999990000000,0.923523330000
1352939358,11.000000000000,13.255784880000
1352939358,11.000000000000,6.586073350000
1352939359,11.000000000000,5.884218140000
1352939359,11.000010000000,8.022383150000
1352939368,10.999990000000,10.328020290000
1352939368,10.960000000000,3.270276310000
1352939600,11.000010000000,30.545400000000
1352939627,11.000010000000,21.834995740000
1352939670,11.000170000000,0.037298690000
1352939671,11.000180000000,0.010000000000
1352939700,11.002490000000,1.146416150000
1352939717,11.002490000000,3.000000000000
1352939717,11.002500000000,0.105620000000
1352939737,11.009960000000,1.740000000000
1352939745,11.009960000000,2.369169690000
1352939747,11.010000000000,6.392897120000
1352939747,11.010000000000,1.007102880000
1352939752,11.009970000000,2.000000000000
1352939752,11.010000000000,0.092897120000
1352939752,11.010000000000,8.627356940000
1352939775,11.010000000000,4.399600000000
1352939777,11.010000000000,5.232152580000
1352939808,11.009990000000,0.023895810000
1352939808,11.010000000000,1.740890480000
1352939808,11.010000000000,5.000000000000
1352939809,11.011010000000,0.010000000000
1352939809,11.013510000000,0.010000000000
1352939809,11.016010000000,0.010000000000
1352939809,11.017350000000,0.056590000000
1352939809,11.018510000000,0.010000000000
1352939809,11.018840000000,0.550342860000
1352939820,11.018830000000,5.736508060000
1352939820,11.018840000000,0.219657140000
1352939820,11.020000000000,1.100000000000
1352939820,11.020000000000,5.000000000000
1352939820,11.020010000000,0.010000000000
1352939820,11.020010000000,0.010000000000
1352939820,11.020960000000,0.483107420000
1352939820,11.021010000000,0.010000000000
1352939820,11.022510000000,0.010000000000
1352939820,11.022510000000,0.010000000000
1352939821,11.023510000000,0.010000000000
1352939821,11.025010000000,0.010000000000
1352939821,11.025010000000,13.522178210000
1352939947,11.009900000000,3.000000000000
1352939947,11.025790000000,13.549079020000
1352939994,11.009800000000,3.000000000000
1352939995,11.025790000000,17.561645010000
1352940046,11.024770000000,4.359405010000
1352940053,11.024780000000,2.000000000000
1352940058,11.026010000000,0.010000000000
1352940058,11.027510000000,0.010000000000
1352940058,11.028510000000,0.010000000000
1352940058,11.030000000000,1.100000000000
1352940059,11.030000000000,5.000000000000
1352940059,11.030010000000,0.010000000000
1352940059,11.030010000000,0.010000000000
1352940059,11.030010000000,0.010000000000
1352940059,11.031010000000,0.010000000000
1352940059,11.032510000000,0.010000000000
1352940059,11.032510000000,0.010000000000
1352940059,11.032510000000,0.010000000000
1352940059,11.032510000000,0.010000000000
1352940059,11.033200000000,2.583442700000
1352940064,11.033190000000,5.118864270000
1352940064,11.033200000000,2.149818330000
1352940064,11.033510000000,0.010000000000
1352940064,11.035010000000,0.010000000000
1352940064,11.035010000000,0.010000000000
1352940064,11.035010000000,0.010000000000
1352940064,11.035010000000,0.010000000000
1352940064,11.035620000000,0.114490000000
1352940065,11.036010000000,0.010000000000
1352940065,11.037510000000,0.010000000000
1352940065,11.037510000000,0.010000000000
1352940065,11.037510000000,0.010000000000
1352940065,11.037510000000,0.010000000000
1352940065,11.037860000000,0.714532720000
1352940065,11.038510000000,0.010000000000
1352940065,11.038810000000,0.493606640000
1352940079,11.033210000000,3.000000000000
1352940112,11.033210000000,2.000000000000
1352940129,11.038800000000,4.461939290000
1352940130,11.038810000000,0.388919150000
1352940154,11.038810000000,1.700000000000
1352940172,11.033210000000,2.000000000000
1352940196,11.039990000000,0.791013020000
1352940197,11.040000000000,3.648580610000
1352940200,11.039890000000,3.000000000000
1352940202,11.040000000000,1.268100000000
1352940231,11.039990000000,2.000000000000
1352940291,11.039990000000,0.564602410000
1352940320,11.039990000000,3.000000000000
1352940352,11.039990000000,0.564602410000
1352940358,11.040000000000,14.473319390000
1352940358,11.040000000000,0.086019960000
1352940358,11.040000000000,1.100000000000
1352940358,11.040000000000,0.140000000000
1352940358,11.040010000000,0.010000000000
1352940358,11.040010000000,0.010000000000
1352940358,11.040010000000,0.010000000000
