1312270766,12.81090000,6.00000000
1312270772,12.81089000,0.10000000
1312270793,12.80011000,6.00000000
1312270793,12.80001000,0.15500000
1312270794,12.75109000,0.04030714
1312270794,12.75100000,28.30469286
1312270837,12.75100000,3.76000000
1312270889,12.81089000,7.00000000
1312270917,12.75120000,6.00000000
1312270975,12.75100000,4.24528272
1312270975,12.75011000,0.16000000
1312270976,12.75002000,5.59471728
1312270983,12.75109000,4.00000000
1312270983,12.75110000,0.08000000
1312271051,12.75120000,4.64879000
1312271166,12.81089000,0.08000000
1312271222,12.81090000,3.80000000
1312271222,12.75140000,6.00000000
1312271222,12.75002000,14.40528272
1312271222,12.75001000,0.79471728
1312271285,12.81100000,6.00000000
1312271691,12.81099000,0.00037155
1312271727,12.75250000,2.00000000
1312271767,12.75260000,2.85770000
1312271793,12.75270000,0.30000000
1312271860,12.81099000,1.09000000
1312271949,12.75290000,6.00000000
1312271949,12.75250000,2.00000000
1312271949,12.75001000,51.36611004
1312271950,12.75000000,0.63388996
1312271963,12.78000000,0.10000000
1312271983,12.78000000,0.50000000
1312272050,12.75000000,40.00000000
1312272122,12.75030000,6.00000000
1312272175,12.75019000,7.00000000
1312272203,12.78000000,0.10000000
1312272208,12.78000000,0.01250000
1312272259,12.78000000,0.69382075
1312272311,12.78000000,28.59367925
1312272312,12.78001000,21.47936800
1312272340,12.78001000,1.10832646
1312272445,12.81099000,2.32962845
1312272448,12.85000000,0.10000000
1312272528,12.85000000,11.80000000
1312272592,12.89000000,1.94000000
1312272626,12.89011000,6.00000000
1312272626,12.85001000,0.30000000
1312272631,12.85000000,9.40000000
1312272781,12.85000000,0.07790272
1312272825,12.79030000,6.00000000
1312272831,12.79019000,0.10000000
1312273072,12.79019000,0.10000000
1312273315,12.79019000,0.10000000
1312273340,12.78580000,2.43000000
1312273356,12.79019000,0.16924299
1312273395,12.78590000,0.98833744
1312273461,12.79019000,2.53075701
1312273516,12.79030000,6.00000000
1312273516,12.79020000,3.46924299
1312273561,12.79019000,0.10000000
1312273629,12.79019000,0.43075701
1312273629,12.80000000,2.56924299
1312273630,12.75220000,2.83097651
1312273839,12.84000000,1.60000000
1312273877,12.75260000,6.00000000
1312273885,12.75249000,0.10000000
1312273890,12.75249000,3.90000000
1312273919,12.76000000,2.00200000
1312273919,12.75200000,0.50000000
1312273919,12.75100000,7.49800000
1312273983,12.76010000,6.00000000
1312273984,12.75100000,2.60200000
1312273984,12.75001000,5.17500000
1312273984,12.75000000,86.22300000
1312273999,12.76020000,6.00000000
1312274021,12.76009000,1.76074071
1312274058,12.76009000,0.06487906
1312274060,12.76009000,0.03000000
1312274127,12.76009000,0.10000000
1312274129,12.75020000,1.13000000
1312274246,12.76009000,3.05438023
1312274246,12.76009000,4.00000000
1312274312,12.78589000,0.01166256
1312274464,12.82010000,0.01001000
1312274464,12.80020000,2.08999000
1312274498,12.80030000,4.17300000
1312274705,12.80060000,6.00000000
1312274705,12.78200000,2.00000000
1312274705,12.77000000,0.09622317
1312274706,12.76010000,1.90377683
1312274726,12.76010000,0.76645167
1312274726,12.76010000,9.23354833
1312274756,12.76020000,6.00000000
1312274756,12.76010000,4.00000000
1312274772,12.76019000,0.10000000
1312274808,12.76010000,27.80829461
1312274808,12.75000000,32.19170539
1312274810,12.76019000,6.00000000
1312274852,12.76019000,3.90000000
1312275077,12.81030000,6.00000000
1312275077,12.81010000,5.00000000
1312275078,12.78989000,5.00000000
1312275078,12.76020000,41.10000000
1312275078,12.75000000,42.90000000
1312275108,12.84000000,0.16000000
1312275109,12.84000000,8.40000000
1312275111,12.84001000,0.10000000
1312275140,12.85000000,15.00000000
1312275166,12.85000000,26.93039688
1312275182,12.84011000,5.00000000
1312275223,12.84021000,6.00000000
1312275289,12.75010000,6.00000000
1312275289,12.75000000,15.00000000
1312275289,12.75000000,0.10071843
1312275289,12.75000000,2.00000000
1312275289,12.75000000,5.00000000
1312275289,12.75000000,30.21527957
1312275321,12.75000000,2.76000000
1312275324,12.74622000,5.73626924
1312275335,12.74622000,0.26373076
1312275335,12.74612000,0.08000000
1312275341,12.74611000,0.48001273
1312275354,12.74611000,0.10000000
1312275370,12.74611000,2.14625651
1312275370,12.74999000,5.35374349
1312275413,12.74999000,5.75517079
1312275451,12.75000000,22.00000000
1312275488,12.75000000,0.01290000
1312275498,12.75000000,2.00000000
1312275549,12.74632000,6.00000000
1312275549,12.74579000,0.32000000
1312275567,12.74573000,0.24000000
1312275567,12.74573000,1.00000000
1312275568,12.74573000,0.08000000
1312275570,12.74573000,4.68000000
1312275570,12.74563000,0.24000000
1312275571,12.74562000,0.08000000
1312275571,12.74000000,0.41790528
1312275598,12.74578000,0.10000000
1312275608,12.74578000,5.57400000
1312275609,12.75000000,0.06444951
1312275656,12.75000000,0.06463845
1312275738,12.74010000,6.00000000
1312275738,12.74000000,14.00000000
1312275789,12.74020000,0.10000000
1312275821,12.74030000,6.00000000
1312275846,12.75000000,0.10000000
1312275862,12.74000000,1.00000000
1312275874,12.74000000,0.10000000
1312275888,12.74010000,0.10000000
1312275903,12.74010000,5.00000000
1312275920,12.74010000,0.90000000
1312275920,12.74000000,0.10000000
1312275969,12.74010000,6.00000000
1312276016,12.74010000,6.00000000
1312276017,12.74000000,0.48209472
1312276017,12.73690000,0.31400000
1312276018,12.73663000,0.08000000
1312276018,12.73624000,0.08000000
1312276018,12.73525000,0.00082704
1312276018,12.73427000,0.24000000
1312276018,12.72024000,0.05000000
1312276018,12.71516000,0.05000000
1312276018,12.71180000,0.05000000
1312276019,12.71001000,1.00000000
1312276019,12.71001000,33.00000000
1312276019,12.71000000,100.00000000
1312276019,12.71000000,5.00000000
1312276019,12.71000000,2.00000000
1312276019,12.71000000,1.00000000
1312276019,12.71000000,0.02500000
1312276019,12.70809000,6.62807824
1312276022,12.70809000,0.10000000
1312276039,12.70809000,0.11478831
1312276039,12.70768000,0.08000000
1312276039,12.70523000,0.77151000
1312276039,12.70361000,9.68336000
1312276039,12.70002000,50.00000000
1312276039,12.70001000,10.00000000
1312276039,12.70001000,10.00000000
1312276039,12.70000000,1.00000000
1312276039,12.70000000,0.20000000
1312276039,12.70000000,10.00000000
1312276040,12.70000000,2.20000000
1312276040,12.70000000,2.00000000
1312276040,12.70000000,2.00000000
1312276040,12.70000000,0.10000000
1312276040,12.70000000,1.00000000
1312276040,12.70000000,0.08000000
1312276040,12.70000000,0.30000000
1312276040,12.70000000,0.47034169
1312276094,12.70010000,6.00000000
1312276105,12.70010000,0.10000000
1312276107,12.70010000,20.00000000
1312276109,12.70010000,0.10000000
1312276121,12.70010000,11.66375068
1312276131,12.70010000,6.00000000
1312276141,12.70000000,3.00000000
1312276153,12.70000000,13.00000000
1312276170,12.70000000,2.00000000
1312276192,12.70010000,6.00000000
1312276217,12.70010000,1.00000000
1312276254,12.70010000,6.00000000
1312276273,12.70000000,31.52965831
1312276273,12.70000000,20.00000000
1312276273,12.70000000,0.51000000
1312276273,12.70000000,22.85142741
1312276297,12.70000000,77.14857259
1312276297,12.70000000,0.27210872
1312276316,12.70010000,6.00000000
1312276316,12.70000000,0.72789128
1312276316,12.70000000,0.35000000
1312276316,12.70000000,3.92210872
1312276354,12.70010000,0.10000000
1312276509,12.70010000,1.00000000
1312276588,12.69712000,5.00000000
1312276597,12.70010000,0.10000000
1312276656,12.69722000,0.16000000
1312276680,12.70010000,0.10000000
1312276700,12.69732000,6.00000000
1312276713,12.69721000,0.08000000
1312276820,12.69721000,1.00000000
1312276846,12.69721000,0.10000000
1312276889,12.69702000,6.00000000
1312276889,12.69672000,0.16000000
1312276889,12.69000000,1.30000000
1312276889,12.68684000,0.16000000
1312276889,12.67674000,1.57769322
1312276889,12.67670000,0.01000000
1312276889,12.67651000,0.14232308
1312276890,12.66831000,0.50000000
1312276890,12.66830000,0.98059639
1312276890,12.66012000,58.33871000
1312276890,12.66002000,75.36187300
1312276890,12.66000000,40.00000000
1312276890,12.65939000,28.38949349
1312276890,12.65808000,0.08000000
1312276890,12.65372000,0.40316918
1312276890,12.65100000,9.25000000
1312276890,12.65001000,2.00000000
1312276891,12.65000000,50.00000000
1312276891,12.65000000,2.00000000
1312276891,12.65000000,0.30000000
1312276891,12.65000000,2.60000000
1312276891,12.65000000,20.44614164
1312276995,12.66000000,0.10000000
1312277000,12.65999000,0.15000000
1312277093,12.69670000,0.10000000
1312277098,12.69670000,0.02000000
1312277111,12.66020000,6.00000000
1312277111,12.65000000,1.96864110
1312277111,12.65000000,50.15000000
1312277111,12.64732000,0.32000000
1312277112,12.64700000,5.09470000
1312277112,12.64000000,3.00000000
1312277112,12.63630000,10.00000000
1312277112,12.63000000,8.00000000
1312277112,12.63000000,4.00000000
1312277112,12.63000000,0.00035708
1312277112,12.62800000,7.80000000
1312277112,12.62745000,0.05000000
1312277112,12.62692000,0.08000000
1312277112,12.62675000,10.00000000
1312277112,12.62674000,43.53630182
1312277125,12.69660000,1.00000000
1312277201,12.66040000,6.00000000
1312277214,12.66029000,0.10000000
1312277216,12.66029000,7.88839273
1312277246,12.66029000,0.30000000
1312277250,12.66029000,27.66000000
1312277274,12.66029000,0.10000000
1312277305,12.66029000,0.30000000
1312277307,12.62684000,6.00000000
1312277312,12.62684000,6.00000000
1312277314,12.62684000,3.00000000
1312277320,12.62684000,2.00000000
1312277334,12.62683000,0.10000000
1312277339,12.62683000,3.62000000
1312277341,12.62683000,0.10000000
1312277342,12.62683000,0.10295500
1312277366,12.62683000,0.30000000
1312277394,12.62683000,0.10000000
1312277413,12.62683000,0.60704500
1312277414,12.62684000,0.39295500
1312277436,12.62684000,6.00000000
1312277447,12.62683000,0.30000000
1312277447,12.62101000,0.57000000
1312277455,12.62684000,0.10000000
1312277487,12.62684000,0.30000000
1312277517,12.62684000,0.10000000
1312277546,12.62684000,0.30000000
1312277574,12.62684000,0.10000000
1312277583,12.62684000,0.10000000
1312277608,12.62684000,0.30000000
1312277620,12.62680000,1.00000000
1312277638,12.62684000,0.10000000
1312277666,12.62684000,0.30000000
1312277666,12.62684000,0.75550000
1312277670,12.62684000,0.00058763
1312277673,12.62684000,10.00000000
1312277694,12.62684000,0.10000000
1312277711,12.62684000,1.00000000
1312277725,12.62684000,0.30000000
1312277726,12.62141000,6.00000000
1312277726,12.62101000,19.43000000
1312277727,12.62100000,73.13431423
1312277727,12.62026000,0.05000000
1312277727,12.62010000,0.05000000
1312277727,12.62000000,3.40000000
1312277727,12.62000000,0.52000000
1312277727,12.61862000,0.05000000
1312277727,12.61266000,0.05000000
1312277727,12.61010000,10.10000000
1312277727,12.61001000,0.05000000
1312277728,12.61001000,1.00000000
1312277728,12.61000000,1.00000000
1312277728,12.61000000,2.00000000
1312277728,12.61000000,51.16568577
1312277773,12.61010000,6.00000000
1312277773,12.61000000,28.83431423
1312277773,12.61000000,3.00000000
1312277773,12.61000000,2.16568577
1312277777,12.62140000,0.10000000
1312277783,12.62140000,0.10000000
1312277787,12.62140000,0.30000000
1312277795,12.61000000,33.33431423
1312277796,12.61000000,5.00000000
1312277796,12.61000000,0.08000000
1312277796,12.60779000,0.05000000
1312277796,12.60100000,60.00000000
1312277796,12.60100000,21.53568577
1312277828,12.62140000,0.10000000
1312277846,12.62140000,0.30000000
1312277890,12.61020000,6.00000000
1312277890,12.60100000,0.14000000
1312277909,12.62140000,0.30000000
1312277961,12.60120000,0.62000000
1312277978,12.60120000,5.38000000
1312277978,12.60110000,0.10000000
1312277978,12.60100000,28.32431423
1312277978,12.60100000,0.00019204
1312277979,12.60100000,0.05000000
1312277979,12.60001000,6.02549373
1312277983,12.61020000,0.30000000
1312278013,12.61020000,2.00000000
1312278018,12.61020000,1.00000000
1312278025,12.61020000,0.30000000
1312278073,12.61020000,0.10000000
1312278086,12.61020000,0.30000000
1312278098,12.61020000,14.57524809
1312278098,12.62140000,24.70000000
1312278148,12.62151000,6.00000000
1312278148,12.62141000,0.72475191
1312278148,12.60001000,3.97450627
1312278148,12.60000000,1.00000000
1312278148,12.60000000,0.20000000
1312278148,12.60000000,0.04020793
1312278148,12.60000000,16.16053389
1312278283,12.61009000,0.30000000
1312278315,12.61009000,0.70000000
1312278315,12.66019000,0.10000000
1312278348,12.66019000,0.62210000
1312278371,12.66029000,6.00000000
1312278379,12.66029000,0.50000000
1312278411,12.66029000,1.15160727
1312278472,12.68348000,0.49000000
1312278549,12.68348000,2.98000000
1312278549,12.69721000,16.52000000
1312278549,12.69721000,0.16000000
1312278570,12.70000000,0.34000000
1312278584,12.75000000,0.10000000
1312278626,12.70000000,0.13857269
1312278752,12.70020000,6.00000000
1312278805,12.70009000,0.30000000
1312278806,12.70009000,6.00000000
1312278865,12.70009000,0.30000000
1312278868,12.70009000,6.00000000
1312278898,12.70001000,10.00000000
1312278898,12.70000000,0.16142731
1312278925,12.70000000,10.00000000
1312278939,12.70000000,3.57000000
1312278981,12.68368000,6.00000000
1312278991,12.68367000,6.00000000
1312279019,12.68358000,0.08000000
1312279019,12.68348000,0.30000000
1312279058,12.64000000,3.80000000
1312279063,12.64000000,0.10000000
1312279102,12.63020000,6.00000000
1312279105,12.63019000,30.00000000
1312279115,12.63019000,2.00000000
1312279131,12.63020000,1.00000000
1312279133,12.63020000,3.00000000
1312279133,12.63010000,0.50000000
1312279133,12.62522000,0.08000000
1312279133,12.62522000,0.30000000
1312279133,12.61011000,39.94000000
1312279238,12.61021000,6.00000000
1312279239,12.61011000,45.06000000
1312279239,12.60001000,50.00000000
1312279239,12.60000000,210.94000000
1312279314,12.61041000,6.00000000
1312279314,12.61021000,0.10573099
1312279314,12.60000000,93.89426901
1312279394,12.70009000,1.21600000
1312279405,12.61000000,0.10000000
1312279495,12.61000000,0.08000000
1312279496,12.61000000,26.52000000
1312279501,12.61000000,0.20000000
1312279509,12.61000000,1.00000000
1312279646,12.61000000,0.10000000
1312279709,12.61000000,10.00000000
1312279781,12.61000000,0.02100000
1312279788,12.61000000,2.05900000
1312279837,12.62010000,0.22219554
1312279838,12.61001000,7.94100000
1312279838,12.60080000,6.00000000
1312279838,12.60000000,14.04120476
1312279838,12.60000000,10.00000000
1312279838,12.60000000,1.18369285
1312279839,12.60000000,2.00000000
1312279839,12.60000000,0.30000000
1312279839,12.60000000,33.53410239
1312279889,12.62000000,0.10000000
1312279938,12.62000000,0.68688496
1312279938,12.69800000,1.31311504
1312280134,12.65000000,0.10000000
1312280147,12.65000000,0.90000000
1312280194,12.69800000,2.06100000
1312280204,12.69800000,1.62588496
1312280245,12.70009000,13.01000000
1312280530,12.69945000,0.52000000
1312280609,12.69955000,6.00000000
1312280609,12.69915000,0.01001000
1312280609,12.69801000,14.27825541
1312280609,12.65001000,0.00460236
1312280613,12.70000000,5.00000000
1312280613,12.65000000,6.00000000
1312280623,12.65000000,0.10000000
1312280649,12.61037000,1.12227894
1312280697,12.61047000,6.00000000
1312280697,12.61037000,3.89736225
1312280741,12.61010000,6.00000000
1312280741,12.61000000,18.00000000
1312280745,12.61036000,15.00000000
1312280762,12.61000000,2.95200000
1312280849,12.60110000,2.94000000
1312280860,12.60999000,0.00411205
1312280864,12.69899000,0.10000000
1312280874,12.61037000,0.10040070
1312280874,12.61037000,2.99588795
1312280875,12.60120000,6.00000000
1312280941,12.69899000,5.90000000
1312280941,12.70000000,2.75265433
1312280995,12.69899000,9.00139223
1312281009,12.61047000,6.00000000
1312281009,12.61037000,14.96109392
1312281023,12.61036000,14.36261608
1312281023,12.69899000,2.99860777
1312281039,12.70000000,1.35734567
1312281039,12.70009000,167.17400000
1312281039,12.74000000,0.08000000
1312281088,12.74000000,0.08000000
1312281089,12.74000000,1.37000000
1312281097,12.74455000,5.00000000
1312281097,12.75000000,7.78302196
1312281191,12.74466000,2.37450000
1312281194,12.75000000,6.79899208
1312281194,12.75000000,0.08000000
1312281194,12.75000000,3.12100792
1312281204,12.75000000,2.38996807
1312281215,12.75000000,3.10447450
1312281229,12.75000000,3.09516078
1312281234,12.75312000,0.08000000
1312281235,12.76000000,0.70000000
1312281235,12.77764000,0.08000000
1312281235,12.79935000,0.15000000
1312281235,12.83670000,0.08000000
1312281235,12.84000000,1.98003193
1312281236,12.75000000,0.11300000
1312281240,12.84000000,0.08653192
1312281243,12.75000000,0.02551843
1312281265,12.75000000,0.02544156
1312281265,12.74476000,3.05000000
1312281273,12.75000000,0.02536549
1312281281,12.83999000,0.02511216
1312281348,12.75000000,8.53882164
1312281350,12.83999000,6.53875722
1312281352,12.83999000,1.48107168
1312281352,12.75000000,1.46117836
1312281354,12.83999000,1.88029507
1312281371,12.74496000,1.99400000
1312281376,12.75000000,0.10000000
1312281393,12.75000000,0.07657650
1312281396,12.83999000,0.07476387
1312281396,12.84000000,0.02400856
1312281396,12.74496000,4.00600000
1312281423,12.74495000,5.41400000
1312281428,12.74496000,0.58600000
1312281477,12.74486000,0.08000000
1312281574,12.69920000,1.00000000
1312281681,12.70029000,5.00000000
1312281791,12.75000000,0.04991529
1312281975,12.75000000,1.00000000
1312281986,12.75000000,0.05144156
1312282004,12.75000000,9.00000000
1312282284,12.70119000,0.10000000
1312282355,12.70129000,6.00000000
1312282357,12.70128000,6.00000000
1312282366,12.70128000,88.00000000
1312282366,12.75000000,9.89864315
1312282366,12.75000000,0.50000000
1312282367,12.79889000,5.00000000
1312282367,12.79990000,0.50000000
1312282367,12.80999000,0.50000000
1312282367,12.81000000,0.50000000
1312282367,12.83000000,0.10172000
1312282367,12.84000000,1.90942759
1312282367,12.84000000,0.10000000
1312282367,12.84800000,1.00000000
1312282367,12.85000000,660.34744168
1312282367,12.85611000,0.10573099
1312282368,12.88041000,4.98500000
1312282368,12.88939000,9.97000000
1312282368,12.89010000,0.10000000
1312282368,12.89380000,0.08000000
1312282368,12.89872000,0.08000000
1312282368,12.89949000,0.05520586
1312282368,12.89949000,0.08000000
1312282368,12.90000000,35.20000000
1312282368,12.90000000,1.09500000
1312282368,12.90403000,0.16000000
1312282369,12.91078000,18.94300000
1312282369,12.93593000,0.15000000
1312282369,12.94900000,4.18319605
1312282369,12.95000000,20.00000000
1312282369,12.95463000,0.16000000
1312282369,12.96000000,2.49779543
1312282369,12.97860000,8.26609751
1312282369,12.98069000,0.46228426
1312282369,12.99010000,0.10000000
1312282369,12.99946000,0.74100000
1312282369,12.99992000,1.87989111
1312282370,13.00000000,5.00000000
1312282370,13.00000000,0.45000000
1312282370,13.00000000,38.48392341
1312282370,13.00000000,10.16397001
1312282370,13.00000000,1.08900000
1312282370,13.00000000,5.00000000
1312282370,13.00000000,160.00000000
1312282370,13.00000000,3.50000000
1312282370,13.00000000,2.00000000
1312282372,12.87100000,6.58984928
1312282372,12.81210000,1.41015072
1312282376,12.96000000,4.70220457
1312282376,12.97860000,1.40592027
1312282381,13.00000000,14.65200000
1312282383,13.00000000,10.00000000
1312282384,13.00000000,0.32721749
1312282386,12.95000000,0.00111486
1312282392,13.00000000,0.08000000
1312282396,13.00000000,0.15000000
1312282399,13.01000000,0.10000000
1312282399,13.01545000,0.08000000
1312282399,13.01944000,0.27627376
1312282404,13.00000000,0.20000000
1312282405,13.00000000,19.00000000
1312282408,13.00000000,0.30000000
1312282408,13.00000000,20.70000000
1312282411,13.00000000,0.70000000
1312282414,13.00000000,0.70000000
1312282417,13.00000000,50.00000000
1312282426,13.00000000,0.10000000
1312282454,13.00000000,2.00000000
1312282464,13.00000000,50.00000000
1312282465,13.00000000,0.63272887
1312282481,13.00000000,8.00000000
1312282485,13.00000000,0.15000000
1312282488,13.00000000,0.15000000
1312282496,13.00000000,0.10000000
1312282499,13.00000000,10.00000000
1312282501,13.00000000,0.10000000
1312282511,13.00000000,1.78000000
1312282514,13.00000000,6.00000000
1312282514,13.00000000,46.37000000
1312282544,13.00033000,9.97000000
1312282584,13.00034000,9.33000000
1312282584,13.00000000,9.21973806
1312282623,13.00034000,0.11140000
1312282647,13.01000000,3.22467332
1312282647,13.00034000,24.52060000
1312282691,13.00000000,50.00000000
1312282718,13.00000000,76.22616281
1312282731,13.00000000,4.03903211
1312282737,13.00000000,0.20150000
1312282741,13.01003000,2.00000000
1312282793,13.01004000,48.00000000
1312282793,13.00000000,2.00000000
1312282850,13.00000000,0.50000000
1312282855,13.01028000,0.48982334
1312282856,13.01028000,0.00814495
1312282860,13.01944000,0.00013529
1312282877,13.01028000,0.00000226
1312282895,13.00000000,1.00000000
1312282927,13.01028000,9.47202945
1312282974,13.01029000,0.09946000
1312282974,13.01029000,0.10000000
1312282974,13.01029000,2.50000000
1312283009,13.01029000,8.40749161
1312283015,13.01944000,2.33441530
1312283059,13.01029000,3.42101894
1312283067,13.01011000,1.00000000
1312283102,13.00000000,5.00000000
1312283132,13.00911000,0.30210020
1312283132,13.01011000,3.69789980
1312283155,13.01000000,0.30117294
1312283155,13.00000000,0.69882706
1312283205,13.00000000,1.00000000
1312283216,13.00000000,5.00000000
1312283225,13.00000000,39.90000000
1312283254,13.00000000,2.00000000
1312283275,13.00000000,2.00000000
1312283281,13.01000000,2.00000000
1312283281,13.01011000,1.85108126
1312283291,13.01012000,3.54891874
1312283291,13.00000000,96.15108126
1312283387,13.00000000,18.00000000
1312283394,13.00000000,0.07066148
1312283399,13.01056000,5.00000000
1312283399,13.01500000,5.00000000
1312283399,13.01944000,1.11764681
1312283399,13.02000000,30.00000000
1312283418,13.02000000,1.88235319
1312283418,13.00000000,98.11764681
1312283441,13.00000000,100.00000000
1312283443,13.00000000,20.00000000
1312283457,13.00000000,10.00000000
1312283459,13.00000000,100.00000000
1312283461,13.00000000,7.23583730
1312283511,12.99999000,12.76416270
1312283515,13.00000000,50.79900000
1312283515,13.00000000,5.00000000
1312283520,13.00000000,46.00000000
1312283564,13.00000000,28.91190000
1312283619,13.00000000,98.81041704
1312283644,13.00000000,1.00000000
1312283651,13.00000000,1.00949917
1312283722,13.00000000,16.12998840
1312283780,13.00000000,1.00000000
1312283786,13.00000000,40.00000000
1312283789,13.00000000,2.45336653
1312283832,13.00000000,7.03663347
1312283835,13.00000000,7.03663347
1312283836,13.00000000,0.00594839
1312283868,13.00000000,124.62500000
1312283907,13.00000000,4.00000000
1312283935,13.00000000,24.37300000
1312283973,13.00000000,14.00000003
1312284089,13.00000000,15.04445080
1312284089,13.00000000,2.95554920
1312284098,13.00000000,0.04445080
1312284098,13.00000000,0.01523076
1312284150,12.93066000,0.26000000
1312284176,12.93066000,5.74000000
1312284176,12.93056000,0.69370537
1312284372,12.99000000,3.00000000
1312284372,12.99999000,27.00000000
1312284378,12.93100000,5.00000000
1312284378,12.93096000,6.00000000
1312284378,12.93056000,4.30629463
1312284378,12.91008000,5.00000000
1312284378,12.90999000,0.50000000
1312284378,12.88010000,9.19370537
1312284427,12.93110000,0.30700000
1312284615,12.93140000,0.52682804
1312284619,12.93140000,5.00000000
1312284643,12.94520000,0.38527794
1312284770,12.93170000,1.68000000
1312284786,12.93170000,0.22000000
1312284790,12.93170000,4.10000000
1312284827,12.89000000,5.00000000
1312284827,12.88010000,0.80629463
1312284827,12.85857000,0.99700899
1312284827,12.84492000,0.08000000
1312284827,12.81514000,0.30000000
1312284827,12.81210000,7.68055111
1312284840,12.89010000,5.00000000
1312284860,12.89010000,1.00000000
1312284941,12.81220000,2.00000000
1312285232,12.81249000,0.10000000
1312285238,12.81249000,2.97000000
1312285369,12.89009000,0.04000000
1312285376,12.81270000,6.00000000
1312285390,12.81259000,6.00000000
1312285443,12.81250000,4.00000000
1312285452,12.81259000,0.08000000
1312285452,12.81259000,5.92000000
1312285513,12.81250000,3.03000000
1312285518,12.81250000,0.61625341
1312285518,12.81259000,5.38374659
1312285580,12.81250000,6.00000000
1312285635,12.81250000,4.44677080
1312285667,12.89009000,3.96000000
1312285676,12.89010000,0.15000000
1312285676,12.89010000,0.09946000
1312285688,12.90000000,7.57357209
1312285767,12.86000000,40.00000000
1312285814,12.93159000,0.90000000
1312285814,12.93159000,0.08000000
1312285814,12.95000000,0.10000000
1312285814,12.95500000,3.92000000
1312285872,12.90000000,1.86554290
1312286016,12.95000000,0.70000000
1312286020,12.95010000,0.70000000
1312286020,12.95010000,5.30000000
1312286020,12.95000000,39.30000000
1312286081,12.90010000,6.00000000
1312286119,12.90010000,8.10000000
1312286143,12.90000000,0.00012093
1312286202,12.85002000,5.00000000
1312286224,12.85001000,0.10000000
1312286243,12.85001000,27.90000000
1312286243,12.90000000,4.03281608
1312286267,12.90010000,6.00000000
1312286288,12.90000000,4.53000000
1312286329,12.90010000,6.00000000
1312286363,12.90000000,30.00000000
1312286391,12.90010000,6.00000000
1312286453,12.90010000,6.00000000
1312286514,12.90010000,6.00000000
1312286576,12.90010000,6.00000000
1312286585,12.90000000,133.53718392
1312286701,12.88020000,6.00000000
1312286702,12.88000000,9.79350000
1312286702,12.85002000,0.11000000
1312286702,12.81249000,0.10000000
1312286702,12.81210000,0.67761569
1312286702,12.81001000,5.00000000
1312286702,12.80000000,23.31888431
1312286710,12.90000000,2.73243720
1312286940,12.90000000,0.02975900
1312287113,12.80060000,6.00000000
1312287214,12.80059000,1.00000000
1312287242,12.80059000,0.01000000
1312287265,12.80030000,2.04700000
1312287296,12.80059000,0.40000000
1312287341,12.86000000,3.00000000
1312287392,12.86000000,15.55000000
1312287394,12.86000000,21.45000000
1312287402,12.86001000,2.30000000
1312287404,12.86001000,16.68456071
1312287441,12.86001000,26.00000000
1312287482,12.86011000,2.00000000
1312287536,12.86021000,0.15000000
1312287584,12.90000000,5.00000000
1312287612,12.86031000,0.18000000
1312287689,12.86041000,0.12000000
1312287699,12.86041000,1.00000000
1312287798,12.90000000,6.25000000
1312287864,12.86071000,0.12000000
1312287984,12.90000000,8.85000000
1312288014,12.90001000,0.09946000
1312288029,12.90010000,6.00000000
1312288050,12.90001000,5.00000000
1312288063,12.90001000,0.30000000
1312288071,12.90001000,4.85054000
1312288072,12.90001000,1.19800000
1312288090,12.90000000,5.95146000
1312288090,12.90000000,0.04854000
1312288126,12.86001000,12.50000000
1312288143,12.90001000,0.09946000
1312288144,12.90010000,1.01954000
1312288449,12.90010000,7.77259091
1312288472,12.86061000,6.00000000
1312288472,12.86041000,0.08000000
1312288583,12.86040000,0.30700000
1312288591,12.87000000,0.01000000
1312288717,12.87020000,6.00000000
1312288748,12.87000000,4.68300000
1312288823,12.86999000,28.31700000
1312288902,12.87009000,6.00000000
1312288907,12.87000000,1.62950000
1312288924,12.87009000,7.01541157
1312288984,12.89900000,1.50000000
1312288984,12.90000000,1.00896400
1312288984,12.90010000,9.49103600
1312289040,12.90010000,0.35000000
1312289090,12.90010000,0.03000000
1312289126,12.90000000,0.30000000
1312289153,12.90000000,0.09946000
1312289154,12.90010000,6.00000000
1312289176,12.90010000,119.23696870
1312289205,12.90000000,0.30000000
1312289213,12.90000000,0.09946000
1312289216,12.90010000,6.00000000
1312289232,12.90010000,149.39986439
1312289246,12.91000000,0.30000000
1312289248,12.91000000,0.30013561
1312289258,12.90000000,0.59000000
1312289273,12.90000000,0.09946000
1312289306,12.90010000,0.30000000
1312289334,12.90010000,0.09946000
1312289371,12.94000000,0.00400000
1312289373,12.94001000,43.51506439
1312289375,12.94001000,0.30000000
1312289376,12.94001000,22.87053773
1312289394,12.94001000,0.09946000
1312289427,12.94011000,0.30000000
1312289453,12.94011000,0.09946000
1312289527,12.90010000,0.18000000
1312289604,12.94011000,0.30000000
1312289669,12.94519000,0.24000000
1312289691,12.94519000,0.75000000
1312289691,12.94520000,10.83730726
1312289770,12.94520000,0.37558631
1312289858,12.94520000,0.00719571
1312289878,12.94052000,1.00000000
1312290026,12.94072000,6.00000000
1312290026,12.94012000,2.83000000
1312290088,12.94082000,1.17000000
1312290220,12.94102000,6.00000000
1312290272,12.94022000,2.02000000
1312290481,12.94052000,6.00000000
1312290483,12.94051000,6.00000000
1312290559,12.94022000,6.00000000
1312290559,12.94012000,4.39327289
1312290752,12.94051000,0.00036165
1312290796,12.94051000,6.00000000
1312290803,12.94051000,7.50000000
1312291045,12.94051000,6.00000000
1312291145,12.94022000,1.00000000
1312291266,12.94042000,0.17222000
1312291294,12.94051000,1.49963835
1312291308,12.94052000,0.65894762
1312291585,12.94092000,2.83000000
1312291768,12.94122000,0.10000000
1312291789,12.94122000,0.10000000
1312291793,12.94132000,0.09946000
1312291948,12.94152000,0.36318396
1312291958,12.94520000,0.77991072
1312291991,12.94521000,3.82008928
1312291991,12.94162000,6.00000000
1312291991,12.94012000,27.47672711
1312291991,12.90000000,18.74333998
1312292080,12.90010000,6.00000000
1312292080,12.90000000,1.96828002
1312292080,12.86881000,2.03171998
1312292103,12.90009000,1.00000000
1312292109,12.90020000,1.22758088
1312292164,12.94999000,0.08000000
1312292164,12.94999000,0.50000000
1312292164,12.95000000,1.30000000
1312292164,12.95000000,1.12000000
1312292187,12.95000000,1.00000000
1312292190,12.90030000,6.00000000
1312292190,12.86881000,8.80558002
1312292190,12.86011000,0.08000000
1312292190,12.86001000,135.11441998
1312292229,12.86011000,0.10264600
1312292356,12.86021000,5.00000000
1312292509,12.86041000,6.00000000
1312292509,12.86001000,41.59458660
1312292604,12.95000000,0.80000000
1312292737,12.89000000,0.10000000
1312292750,12.89000000,0.11582025
1312292853,12.89000000,0.01142033
1312292941,12.86071000,1.04000000
1312292976,12.89000000,9.77275942
1312293078,12.89011000,0.50000000
1312293084,12.89011000,0.10000000
1312293085,12.89011000,0.50000000
1312293089,12.89011000,0.50000000
1312293090,12.89011000,4.40000000
1312293093,12.89001000,0.50000000
1312293094,12.89001000,0.10000000
1312293099,12.89001000,0.50000000
1312293106,12.89011000,1.10000000
1312293106,12.89011000,0.30000000
1312293107,12.89011000,0.50000000
1312293114,12.89011000,0.50000000
1312293118,12.89011000,0.50000000
1312293147,12.89012000,0.18000000
1312293147,12.89011000,0.12000000
1312293206,12.89021000,0.30000000
1312293270,12.89031000,0.30000000
1312293292,12.90000000,0.10000000
1312293325,12.89041000,0.30000000
1312293457,12.89061000,0.10000000
1312293462,12.89061000,5.90000000
1312293474,12.89061000,0.01025145
1312293482,12.89061000,0.08974855
1312293506,12.89071000,0.30000000
1312293526,12.89071000,5.61025145
1312293544,12.89070000,4.38974855
1312293565,12.89081000,1.61025145
1312293565,12.89001000,1.12724058
1312293591,12.87000000,0.10400000
1312293662,12.86011000,6.00000000
1312293676,12.86010000,6.00000000
1312293686,12.86001000,0.30000000
1312293688,12.86001000,0.10000000
1312293706,12.86001000,10.00000000
1312293729,12.86010000,0.15850797
1312293730,12.86011000,0.84149203
1312293730,12.86001000,19.15850797
1312293748,12.86011000,0.30000000
1312293761,12.86011000,5.70000000
1312293762,12.86001000,24.30000000
1312293777,12.86505000,0.01000000
1312293794,12.86001000,20.00000000
1312293807,12.86011000,0.30000000
1312293819,12.86011000,5.70000000
1312293819,12.86001000,19.30000000
1312293850,12.86001000,1.27575200
1312293863,12.86001000,1.27500000
1312293872,12.86011000,0.10000000
1312293878,12.86999000,0.20000000
1312293882,12.86011000,0.30000000
1312293953,12.86021000,0.10000000
1312294128,12.86999000,0.01240810
1312294235,12.86061000,6.00000000
1312294248,12.86060000,1.00000000
1312294248,12.86060000,5.00000000
1312294304,12.86001000,1.11174848
1312294361,12.86060000,7.98000000
1312294478,12.86031000,6.00000000
1312294497,12.86030000,6.00000000
1312294551,12.86030000,0.01005824
1312294561,12.86011000,6.00000000
1312294561,12.86001000,1.00000000
1312294586,12.86001000,21.53542426
1312294587,12.86000000,1.00800000
1312294635,12.85010000,6.00000000
1312294635,12.85000000,6.00000000
1312294657,12.84999000,0.50000000
1312294896,12.84999000,7.50815720
1312294897,12.84999000,7.50000000
1312294897,12.86000000,4.99184280
1312295134,12.86001000,0.85000000
1312295158,12.86001000,1.32076024
1312295173,12.86000000,0.01124947
1312295184,12.86000000,6.00000000
1312295215,12.85800000,0.09251983
1312295255,12.81110000,1.86800000
1312295255,12.81110000,4.13200000
1312295255,12.81100000,4.85675044
1312295255,12.81044000,10.00000000
1312295256,12.81000000,10.00000000
1312295256,12.81000000,0.10030000
1312295256,12.80000000,51.68111569
1312295256,12.80000000,15.00000000
1312295256,12.79553000,0.08000000
1312295256,12.79552000,0.08000000
1312295256,12.77734000,0.08000000
1312295256,12.76001000,0.50000000
1312295257,12.75100000,0.05568112
1312295257,12.75031000,5.00000000
1312295257,12.75000000,1.00000000
1312295257,12.75000000,0.55910509
1312295257,12.74622000,0.15000000
1312295257,12.72000000,3.00000000
1312295257,12.71000000,3.00000000
1312295257,12.70019000,1.00000000
1312295258,12.70019000,0.08000000
1312295258,12.70010000,10.00000000
1312295258,12.70000000,0.70000000
1312295258,12.70000000,20.00000000
1312295258,12.70000000,10.00000000
1312295258,12.70000000,30.66395275
1312295258,12.69900000,0.00325064
1312295258,12.67000000,0.10063000
1312295259,12.67000000,3.00000000
1312295259,12.66041000,2.00000000
1312295259,12.66000000,20.39676145
1312295259,12.66000000,2.30000000
1312295259,12.65976000,0.08000000
1312295259,12.65026000,7.01750556
1312295259,12.65000000,0.10079000
1312295259,12.65000000,1.12681501
1312295260,12.64000000,4.10161392
1312295260,12.62000000,1.28405309
1312295260,12.62000000,9.61959429
1312295260,12.61300000,21.17924023
1312295288,12.85799000,0.05767579
1312295315,12.85790000,3.85000000
1312295315,12.85799000,4.84980438
1312295316,12.85799000,0.08000000
1312295316,12.86000000,1.22019562
1312295346,12.75000000,0.47573796
1312295364,12.75000000,0.20000000
1312295478,12.74990000,1.12343456
1312295479,12.74991000,39.87656544
1312295479,12.70490000,6.00000000
1312295479,12.70461000,0.08000000
1312295479,12.61910000,1.54000000
1312295479,12.61893000,0.15000000
1312295479,12.61300000,5.24075977
1312295480,12.61200000,10.00000000
1312295480,12.61105000,10.00000000
1312295480,12.61039000,4.75829534
1312295480,12.61000000,9.64251000
1312295480,12.61000000,3.00000000
1312295480,12.61000000,1.00000000
1312295480,12.60990000,7.31658000
1312295480,12.60980000,18.93260000
1312295480,12.60700000,10.00000000
1312295481,12.60700000,8.21630000
1312295481,12.60610000,7.96270000
1312295481,12.60600000,2.00000000
1312295481,12.60600000,1.00301000
1312295481,12.60570000,5.00000000
1312295481,12.60500000,14.98240000
1312295482,12.60310000,0.29426000
1312295482,12.60300000,4.21930000
1312295482,12.60200000,1.80256229
1312295482,12.60200000,0.50000000
1312295482,12.60107000,22.89496606
1312295482,12.60102000,50.00000000
1312295482,12.60100000,0.08000000
1312295482,12.60011000,19.86842000
1312295482,12.60010000,10.00000000
1312295482,12.60002000,3.85730000
1312295483,12.60001000,50.00000000
1312295483,12.60001000,90.53252894
1312295483,12.60000000,16.46589761
1312295483,12.60000000,20.00000000
1312295483,12.60000000,1.00000000
1312295483,12.60000000,33.83946611
1312295483,12.60000000,10.00000000
1312295483,12.60000000,7.93650000
1312295483,12.60000000,30.00000000
1312295483,12.60000000,0.00618888
1312295483,12.60000000,5.45976190
1312295484,12.60000000,6.01100000
1312295484,12.60000000,7.43816111
1312295484,12.60000000,10.00000000
1312295484,12.60000000,50.00000000
1312295484,12.60000000,1.00000000
1312295484,12.60000000,2.30000000
1312295484,12.60000000,5.00000000
1312295484,12.59899000,0.08000000
1312295485,12.59791000,0.08000000
1312295485,12.59000000,1.00000000
1312295485,12.59000000,50.00000000
1312295485,12.58000000,0.60000000
1312295485,12.58000000,2.64920000
1312295485,12.58000000,50.00000000
1312295485,12.57020000,1.06300000
1312295485,12.57012000,50.00000000
1312295485,12.57011000,90.00000000
1312295485,12.57001000,616.41000000
1312295486,12.57000000,10.90976655
1312295542,12.74990000,0.04828199
1312295544,12.74990000,1.49171801
1312295544,12.74990000,0.08000000
1312295562,12.75000000,6.00000000
1312295681,12.59810000,6.00000000
1312295681,12.59800000,1.55000000
1312295682,12.59781000,0.08000000
1312295682,12.57000000,39.09023345
1312295690,12.57000000,0.10000000
1312295694,12.57000000,0.10000000
1312295696,12.57000000,0.10739900
1312295700,12.57000000,5.40000000
1312295700,12.57000000,5.40000000
1312295706,12.56010000,5.64506533
1312295724,12.57000000,10.00000000
1312295729,12.57000000,9.19800000
1312295752,12.57000000,10.00000000
1312295783,12.57000000,10.00000000
1312295795,12.57000000,0.00245743
1312295800,12.57000000,5.59182322
1312295828,12.57000000,10.00000000
1312295839,12.56030000,6.00000000
1312295867,12.56019000,3.00000000
1312295870,12.56010000,0.47000000
1312295876,12.56009000,0.01088052
1312295876,12.56009000,6.00000000
1312295880,12.56009000,10.00000000
1312295894,12.56000000,40.00000000
1312295894,12.56000000,0.80688455
1312295895,12.56000000,0.00060191
1312295903,12.55300000,0.40000000
1312295909,12.55141000,0.05000000
1312295912,12.55040000,2.00000000
1312295914,12.55040000,0.36000000
1312295919,12.55050000,0.81000000
1312295919,12.55001000,1.00000000
1312295920,12.55001000,0.96529372
1312295952,12.55011000,6.00000000
1312295952,12.55001000,1.03470628
1312295952,12.55000000,68.10000000
1312295952,12.55000000,0.50000000
1312295952,12.55000000,2.05000000
1312295953,12.55000000,43.90465258
1312295953,12.55000000,4.00000000
1312295953,12.55000000,0.20000000
1312295953,12.55000000,1.00000000
1312295953,12.55000000,0.30000000
1312295953,12.55000000,1.00000000
1312295953,12.55000000,50.00000000
1312295953,12.55000000,6.00000000
1312295953,12.54990000,0.01000000
1312295953,12.54851000,0.08000000
1312295953,12.54575000,0.16000000
1312295954,12.54000000,31.04064114
1312295967,12.54000000,0.00964487
1312295993,12.55999000,5.52712823
1312296009,12.55999000,1.00000000
1312296045,12.55999000,2.16725540
1312296077,12.55999000,6.98633758
1312296103,12.56000000,3.01366242
1312296103,12.54110000,6.00000000
1312296107,12.54100000,5.00000000
1312296107,12.54000000,18.94971399
1312296108,12.53460000,15.57450000
1312296108,12.53100000,30.00000000
1312296108,12.53000000,50.00000000
1312296108,12.53000000,3.99000000
1312296108,12.53000000,33.20000000
1312296108,12.52971000,10.00000000
1312296108,12.52700000,10.00000000
1312296109,12.52490000,30.09000000
1312296109,12.52000000,34.02002875
1312296109,12.52000000,10.00000000
1312296109,12.52000000,1.00000000
1312296109,12.52000000,13.56480351
1312296109,12.52000000,73.60000000
1312296109,12.52000000,3.00000000
1312296109,12.52000000,14.00000000
1312296110,12.51717000,30.00000000
1312296110,12.51230000,5.00000000
1312296110,12.51200000,20.00000000
1312296110,12.51111000,1.08000000
1312296110,12.51100000,2.00000000
1312296110,12.51100000,8.00000000
1312296110,12.51011000,2.00460000
1312296110,12.51010000,8.31059304
1312296110,12.51001000,1.00000000
1312296111,12.51000000,9.00000000
1312296111,12.51000000,5.00000000
1312296111,12.51000000,5.00000000
1312296111,12.51000000,83.49000000
1312296111,12.51000000,2.00000000
1312296111,12.51000000,0.10000000
1312296111,12.51000000,10.00000000
1312296111,12.51000000,10.00000000
1312296111,12.51000000,10.00000000
1312296111,12.51000000,20.00000000
1312296112,12.51000000,0.50000000
1312296112,12.51000000,1.00000000
1312296112,12.51000000,50.00000000
1312296112,12.51000000,5.00000000
1312296112,12.51000000,1.75000000
1312296112,12.51000000,7.00000000
1312296112,12.51000000,1.00000000
1312296112,12.50899000,0.05000000
1312296112,12.50700000,50.00000000
1312296113,12.50300000,22.00000000
1312296113,12.50010000,6.68000000
1312296113,12.50010000,0.80600000
1312296113,12.50010000,56.81273669
1312296113,12.50002000,100.00000000
1312296113,12.50002000,1.00000000
1312296113,12.50001000,10.00000000
1312296113,12.50000000,1.00400000
1312296113,12.50000000,100.00000000
1312296113,12.50000000,1.12000000
1312296114,12.50000000,1.00000000
1312296114,12.50000000,21.61025200
1312296114,12.50000000,0.80000000
1312296114,12.50000000,56.00000000
1312296114,12.50000000,5.00000000
1312296114,12.50000000,20.00000000
1312296114,12.50000000,1.10000000
1312296114,12.50000000,20.51593440
1312296114,12.50000000,1.00000000
1312296114,12.50000000,1.00000000
1312296115,12.50000000,1.03000000
1312296115,12.50000000,2.00000000
1312296115,12.50000000,6.00000000
1312296115,12.50000000,3.80000000
1312296115,12.50000000,100.00000000
1312296115,12.50000000,5.89000000
1312296115,12.50000000,0.18884320
1312296115,12.50000000,21.82675519
1312296115,12.50000000,16.50000000
1312296115,12.50000000,0.00357200
1312296116,12.50000000,1.10000000
1312296116,12.50000000,30.00000000
1312296116,12.50000000,20.00000000
1312296116,12.50000000,0.12800000
1312296116,12.50000000,1.00000000
1312296116,12.50000000,1.00000000
1312296116,12.50000000,1.76015040
1312296116,12.50000000,22.94590000
1312296116,12.50000000,0.10000000
1312296117,12.50000000,0.00615840
1312296117,12.50000000,50.00000000
1312296117,12.50000000,0.50000000
1312296117,12.50000000,0.04759920
1312296117,12.50000000,1.00000000
1312296117,12.50000000,14.20000000
1312296117,12.50000000,0.30000000
1312296117,12.50000000,2.00000000
1312296117,12.50000000,10.00000000
1312296117,12.50000000,10.00000000
1312296117,12.50000000,35.93619681
1312296125,12.60000000,0.10000000
1312296183,12.59990000,2.00000000
1312296183,12.60000000,9.90000000
1312296190,12.65000000,5.43610330
1312296193,12.65000000,5.34236538
1312296196,12.74940000,1.54000000
1312296196,12.74950000,1.64000000
1312296196,12.74980000,40.00000000
1312296197,12.74989000,0.50000000
1312296197,12.75000000,32.62892678
1312296206,12.65000000,6.32153132
1312296235,12.65000000,10.77846868
1312296235,12.65101000,0.08000000
1312296235,12.75000000,48.41475843
1312296280,12.75000000,0.25000000
1312296290,12.65001000,0.50000000
1312296294,12.65001000,0.09946000
1312296326,12.65011000,0.30000000
1312296386,12.65021000,0.30000000
1312296396,12.65021000,0.50000000
1312296432,12.75000000,0.41115141
1312296432,12.75000000,0.08000000
1312296432,12.75000000,2.50884859
1312296447,12.65031000,0.30000000
1312296469,12.75000000,1.00000000
1312296508,12.75000000,0.50000000
1312296509,12.67000000,1.12712786
1312296509,12.65041000,2.50511518
1312296522,12.65041000,0.30000000
1312296566,12.65051000,0.30000000
1312296610,12.74990000,2.00000000
1312296610,12.75000000,8.27172824
1312296610,12.75855000,0.15000000
1312296611,12.79200000,0.08000000
1312296636,12.79999000,0.50000000
1312296637,12.80000000,2.00000000
1312296637,12.80273000,0.08000000
1312296637,12.80313000,0.08000000
1312296637,12.84999000,0.50000000
1312296637,12.85990000,10.00000000
1312296637,12.86000000,6.71005535
1312296637,12.86999000,1.78759190
1312296637,12.89001000,0.30000000
1312296637,12.89800000,5.00000000
1312296638,12.89900000,3.95984363
1312296638,12.90000000,1.90000000
1312296638,12.90000000,32.18250912
1312296646,12.79200000,0.47431075
1312296647,12.79200000,6.98242899
1312296647,12.79200000,0.08000000
1312296696,12.79200000,0.39431101
1312296850,12.79221000,0.99400000
1312296922,12.89990000,8.52647000
1312296923,12.80000000,10.00000000
1312297004,12.81000000,20.00000000
1312297005,12.80500000,2.00000000
1312297011,12.80499000,0.01000000
1312297104,12.80499000,20.53000000
1312297134,12.80510000,6.00000000
1312297134,12.80500000,2.00000000
1312297184,12.88710000,0.01000000
1312297203,12.80510000,6.00000000
1312297203,12.80500000,1.39500000
1312297208,12.80500000,0.10000000
1312297288,12.85110000,0.01359963
1312297289,12.88710000,1.00000000
1312297325,12.88710000,0.68000000
1312297338,12.86220000,0.01067472
1312297369,12.86220000,0.50000000
1312297373,12.88710000,0.00189416
1312297378,12.88710000,0.01000000
1312297418,12.88710000,1.00000000
1312297418,12.88710000,1.00000000
1312297419,12.88710000,0.49893919
1312297419,12.88710000,2.00000000
1312297440,12.86230000,0.10707000
1312297463,12.86240000,5.00000000
1312297543,12.87421000,2.00000000
1312297605,12.87431000,6.00000000
1312297605,12.87411000,0.01000000
1312297757,12.86451000,6.00000000
1312297814,12.87741000,0.01000000
1312297815,12.86461000,6.00000000
1312297831,12.86440000,6.00000000
1312297843,12.86440000,1.00000000
1312297937,12.86511000,4.98500000
1312297941,12.87400000,2.20000000
1312297962,12.86521000,4.60000000
1312297991,12.86521000,1.40000000
1312298017,12.86520000,2.00000000
1312298042,12.86531000,4.00000000
1312298050,12.86501000,4.00000000
1312298052,12.86501000,0.44000000
1312298083,12.87400000,3.63048901
1312298084,12.87400000,3.00000000
1312298085,12.88710000,0.17949988
1312298086,12.88710000,0.00870150
1312298086,12.87400000,0.00042160
1312298087,12.88710000,0.00002067
1312298088,12.88710000,0.00000073
1312298133,12.87300000,0.02173627
1312298199,12.86521000,6.00000000
1312298250,12.86511000,6.00000000
1312298265,12.86510000,6.00000000
1312298272,12.86501000,0.16000000
1312298305,12.79300000,1.00000000
1312298316,12.79299000,0.12400000
1312298326,12.79299000,0.47298335
1312298327,12.79299000,0.01000000
1312298329,12.79299000,0.01229256
1312298342,12.79299000,0.43000000
1312298349,12.87000000,5.29000000
1312298364,12.79211000,6.00000000
1312298365,12.79201000,4.69000000
1312298413,12.86000000,0.09902191
1312298452,12.85420000,0.01000000
1312298452,12.79310000,0.10507617
1312298453,12.79309000,6.00000000
1312298507,12.79300000,1.00000000
1312298507,12.79201000,6.61892383
1312298561,12.79310000,6.00000000
1312298562,12.79201000,3.29676516
1312298562,12.78000000,7.70323484
1312298569,12.78000000,0.14838258
1312298600,12.85200000,2.00000000
1312298658,12.78010000,0.00004000
1312298666,12.85200000,3.00000000
1312298666,12.86000000,9.90097809
1312298666,12.86000000,0.08000000
1312298666,12.87000000,5.68100000
1312298666,12.87045000,1.33802191
1312298670,12.78010000,5.99996000
1312298670,12.78000000,0.14838258
1312298670,12.74602000,0.16000000
1312298670,12.73338000,0.08000000
1312298670,12.70660000,0.08000000
1312298670,12.68730000,6.47020248
1312298670,12.65041000,0.08000000
1312298671,12.65026000,1.35722744
1312298671,12.65001000,0.02385531
1312298671,12.65001000,0.08000000
1312298671,12.63630000,5.46037219
1312298709,12.74601000,0.03844486
1312298754,12.74601000,18.94300000
1312298911,12.71810000,1.00000000
1312298971,12.74601000,12.86900000
1312299045,12.72010000,6.00000000
1312299045,12.72000000,1.30000000
1312299045,12.71693000,0.08000000
1312299045,12.65000000,7.91858814
1312299045,12.65000000,1.00000000
1312299045,12.64000000,2.00000000
1312299045,12.64000000,8.97756724
1312299046,12.63630000,4.53962781
1312299046,12.61000000,1.00000000
1312299046,12.60012000,0.30000000
1312299046,12.60010000,0.50000000
1312299046,12.60000000,5.00000000
1312299055,12.60000000,1.29500000
1312299061,12.60000000,0.10714300
1312299084,12.60000000,0.62062000
1312299121,12.60000000,1.40000000
1312299122,12.60000000,0.62062000
1312299131,12.60000000,30.00000000
1312299146,12.60000000,0.01723650
1312299162,12.60000000,11.90900000
1312299164,12.60000000,0.10500000
1312299187,12.60000000,15.30959731
1312299187,12.74601000,8.14955514
1312299187,12.74601000,20.00000000
1312299187,12.85000000,6.70000000
1312299188,12.85000000,3.00000000
1312299188,12.87045000,1.65297809
1312299188,12.87045000,0.08000000
1312299188,12.87184000,18.88617100
1312299188,12.87205000,0.99700000
1312299188,12.87400000,36.36628365
1312299188,12.88710000,8.39482804
1312299188,12.88710000,0.08000000
1312299188,12.88890000,1.00000000
1312299189,12.89000000,0.10047000
1312299189,12.89990000,0.16000000
1312299189,12.90000000,13.48441413
1312299189,12.90000000,1.00000000
1312299189,12.90000000,0.10368800
1312299189,12.93569000,1.53501464
1312299240,12.84047000,0.08000000
1312299240,12.93000000,1.92000000
1312299246,12.68730000,0.08000000
1312299247,12.68730000,8.50144948
1312299247,12.65026000,1.67670466
1312299267,12.60000000,10.00000000
1312299270,12.60000000,6.00000000
1312299271,12.60000000,4.11657301
1312299286,12.60000000,10.00000000
1312299294,12.60000000,2.10000000
1312299297,12.60000000,10.00000000
1312299305,12.60000000,9.48656126
1312299306,12.60000000,13.96085199
1312299342,12.60000000,8.33000000
1312299393,12.61000000,3.00000000
1312299393,12.60000000,3.00000000
1312299400,12.60002000,0.59037000
1312299411,12.60010000,0.28508604
1312299420,12.75000000,0.01624531
1312299485,12.61010000,3.43759973
1312299579,12.74601000,2.00000000
1312299661,12.74601000,2.30501000
1312299661,12.74800000,10.00000000
1312299661,12.75000000,4.08797798
1312299662,12.76233000,0.08000000
1312299662,12.78000000,4.00000000
1312299662,12.80000000,1.39800000
1312299662,12.84000000,1.00000000
1312299662,12.84100000,7.12901202
1312299806,12.74999000,0.50000000
1312299815,12.75000000,7.95400000
1312299821,12.75000000,0.47156440
1312299858,12.75010000,6.00000000
1312299858,12.75000000,1.07443560
1312299858,12.75000000,3.30000000
1312299884,12.75000000,1.70000000
1312300082,12.75000000,30.00000000
1312300085,12.72029000,4.00000000
1312300102,12.72029000,6.42750000
1312300176,12.72029000,2.00000000
1312300319,12.72029000,0.33000000
1312300346,12.62540000,3.00000000
1312300380,12.62540000,1.00000000
1312300431,12.72029000,0.01990180
1312300513,12.62500000,2.00000000
1312300513,12.62000000,2.00000000
1312300513,12.61500000,0.08000000
1312300513,12.61050000,0.08000000
1312300514,12.61040000,0.08000000
1312300514,12.61010000,0.08000000
1312300514,12.61001000,0.50000000
1312300514,12.61000000,2.00000000
1312300514,12.61000000,2.00000000
1312300514,12.61000000,0.10239254
1312300514,12.61000000,4.00000000
1312300514,12.61000000,5.07581601
1312300514,12.61000000,4.13734020
1312300515,12.60000000,20.08478253
1312300515,12.60000000,1.96000000
1312300515,12.60000000,0.08000000
1312300515,12.59791000,0.08000000
1312300515,12.59781000,0.08000000
1312300515,12.58000000,0.18568521
1312300515,12.58000000,3.62398351
1312300542,12.71000000,0.01248469
1312300764,12.70000000,4.11244349
1312300764,12.70600000,5.00000000
1312300764,12.71000000,0.08000000
1312300764,12.72000000,1.00000000
1312300764,12.72029000,9.80755651
1312300768,12.62010000,6.00000000
1312300768,12.62000000,5.00000000
1312300768,12.61010000,0.08000000
1312300769,12.61000000,0.08000000
1312300769,12.58000000,3.08594539
1312300769,12.57000000,0.50000000
1312300769,12.57000000,0.16083691
1312300769,12.56560000,5.03321770
1312300874,12.72029000,0.01174667
1312300878,12.62020000,6.00000000
1312300878,12.60000000,0.50000000
1312300879,12.56560000,4.96678230
1312300879,12.56110000,19.84321770
1312300916,12.56120000,6.00000000
1312300916,12.56110000,20.15678230
1312300916,12.56000000,3.02400000
1312300917,12.55839000,0.08000000
1312300917,12.55100000,4.00000000
1312300917,12.55000000,0.10000000
1312300917,12.55000000,5.10908844
1312300917,12.55000000,6.00000000
1312300917,12.55000000,20.33412926
1312300955,12.60000000,1.69500000
1312300957,12.55000000,0.31564063
1312300957,12.55000000,11.59735937
1312300963,12.60000000,0.01292178
1312300995,12.55010000,6.00000000
1312300995,12.55000000,6.70000000
1312301043,12.55010000,2.67000000
1312301072,12.60000000,0.01142594
1312301086,12.55010000,3.33000000
1312301089,12.55009000,6.00000000
1312301098,12.55009000,2.67328760
1312301134,12.55009000,7.90000000
1312301151,12.55009000,0.09671240
1312301151,12.55009000,0.08000000
1312301151,12.55009000,1.00000000
1312301177,12.55010000,4.82328760
1312301187,12.55009000,18.24500000
1312301200,12.55009000,108.00000000
1312301212,12.55009000,6.00000000
1312301213,12.55009000,0.07168155
1312301226,12.55009000,100.00000000
1312301245,12.55009000,10.00000000
1312301251,12.55009000,0.02748820
1312301271,12.55009000,2.19789340
1312301274,12.55009000,6.00000000
1312301336,12.55000000,0.11361195
1312301336,12.55000000,0.99638805
1312301340,12.55009000,6.00000000
1312301356,12.55000000,0.37212332
1312301397,12.54999000,5.48052468
1312301445,12.54010000,1.00000000
1312301480,12.54999000,1.00000000
1312301486,12.54020000,5.00000000
1312301499,12.54999000,1.02000000
1312301507,12.54999000,0.01024595
1312301548,12.54999000,0.02000000
1312301635,12.54999000,1.60700000
1312301675,12.54999000,1.40000000
1312301690,12.54999000,50.00000000
1312301697,12.54999000,10.00000000
1312301706,12.54999000,0.50000000
1312301744,12.54999000,0.01224667
1312301757,12.54999000,0.50000000
1312301867,12.54100000,1.00497600
1312301867,12.54999000,8.99502400
1312301881,12.54080000,6.00000000
1312301881,12.54000000,0.20000000
1312301881,12.53001000,0.50000000
1312301881,12.53000000,2.75000000
1312301933,12.54999000,0.60000000
1312301959,12.54090000,1.12374648
1312301960,12.54999000,25.00000000
1312302095,12.54999000,10.00000000
1312302115,12.54120000,4.13386646
1312302120,12.54999000,0.01000000
1312302123,12.54999000,0.01790783
1312302245,12.54140000,6.00000000
1312302245,12.54000000,3.30000000
1312302246,12.53000000,1.41835993
1312302246,12.53000000,0.01000000
1312302246,12.52002000,3.66081923
1312302246,12.52001000,0.53811618
1312302246,12.52001000,82.24053540
1312302295,12.54999000,13.00000000
1312302318,12.54999000,0.01656069
1312302446,12.54170000,6.00000000
1312302446,12.52001000,24.00000000
1312302465,12.52011000,6.00000000
1312302465,12.52001000,22.98100000
1312302491,12.54999000,11.00000000
1312302502,12.54999000,20.00000000
1312302554,12.52011000,2.70000000
1312302572,12.52011000,3.30000000
1312302587,12.52021000,6.00000000
1312302598,12.52010000,1.00000000
1312302622,12.52010000,0.01388642
1312302624,12.52001000,3.75000000
1312302631,12.52010000,9.68611358
1312302631,12.54999000,10.31388642
1312302666,12.54999000,1.00000000
1312302705,12.54999000,7.65000000
1312302854,12.52130000,4.00000000
1312302865,12.52130000,2.00000000
1312302874,12.52129000,4.00000000
1312302916,12.54999000,5.00000000
1312302916,12.52129000,0.01362180
1312302965,12.52129000,0.35000000
1312302989,12.52129000,0.60000000
1312303017,12.52129000,3.03637820
1312303021,12.52129000,6.00000000
1312303025,12.52129000,0.01173480
1312303053,12.52129000,0.39931987
1312303054,12.52129000,0.08826520
1312303075,12.52129000,1.35000000
1312303106,12.52129000,2.15068013
1312303113,12.52011000,6.00000000
1312303122,12.52010000,2.00289760
1312303147,12.52011000,6.00000000
1312303147,12.52001000,19.00000000
1312303155,12.52001000,25.00000000
1312303163,12.52011000,3.99000290
1312303196,12.52011000,1.99488601
1312303228,12.54999000,0.10000000
1312303243,12.54999000,31.50998526
1312303253,12.52021000,0.39812191
1312303260,12.54999000,12.75000000
1312303275,12.54999000,0.01220992
1312303276,12.54999000,0.30000000
1312303331,12.53010000,1.50000000
1312303355,12.53020000,6.00000000
1312303356,12.53000000,0.39661771
1312303361,12.52011000,0.39542786
1312303378,12.53000000,0.20406242
1312303379,12.52100000,0.10000000
1312303380,12.52001000,0.20345023
1312303406,12.52100000,0.30000000
1312303433,12.52100000,0.01931987
1312303443,12.53000000,0.00300000
1312303463,12.52011000,0.61968323
1312303463,12.52001000,22.82501437
1312303463,12.52000000,50.00000000
1312303463,12.51001000,7.47340249
1312303463,12.51000000,6.87709352
1312303464,12.51000000,0.04000000
1312303464,12.51000000,0.50000000
1312303464,12.50100000,3.00000000
1312303464,12.50020000,5.00000000
1312303464,12.50010000,2.00990000
1312303464,12.50010000,0.08000000
1312303464,12.50001000,101.57490639
1312303494,12.54999000,0.03800000
1312303527,12.54800000,8.12000000
1312303527,12.54999000,57.96900794
1312303560,12.54999000,0.02799350
1312303576,12.52041000,6.00000000
1312303576,12.50001000,116.33576373
1312303576,12.50000000,20.00000000
1312303576,12.50000000,5.00000000
1312303576,12.50000000,2.00000000
1312303576,12.50000000,40.00000000
1312303576,12.50000000,0.04200000
1312303576,12.50000000,4.00000000
1312303577,12.50000000,6.62223627
1312303584,12.54999000,0.37263774
1312303618,12.54999000,0.20000000
1312303659,12.54999000,0.03015302
1312303779,12.52030000,2.00000000
1312303906,12.52050000,6.00000000
1312303912,12.52039000,0.50000000
1312303914,12.52039000,1.27560000
1312303914,12.52039000,0.10000000
1312303916,12.52039000,1.27560000
1312303921,12.52039000,0.10000000
1312303933,12.52000000,19.92000000
1312303970,12.52039000,0.01770135
1312303982,12.52010000,1.00000000
1312304101,12.52040000,1.00000000
1312304127,12.52039000,0.25666305
1312304135,12.52040000,0.15000000
1312304215,12.52010000,1.00000000
1312304239,12.52000000,0.02150742
1312304240,12.52050000,5.00000000
1312304240,12.52000000,45.55849258
1312304240,12.50000000,6.37776373
1312304240,12.50000000,10.00000000
1312304240,12.50000000,100.00000000
1312304240,12.50000000,6.00000000
1312304240,12.50000000,5.50000000
1312304240,12.50000000,20.00000000
1312304241,12.50000000,50.00000000
1312304241,12.50000000,2.23500000
1312304241,12.50000000,2.00000000
1312304241,12.50000000,2.00000000
1312304241,12.50000000,1.00000000
1312304241,12.50000000,1.00000000
1312304241,12.50000000,0.30000000
1312304241,12.50000000,10.00000000
1312304241,12.50000000,0.33000000
1312304241,12.50000000,1.00000000
1312304242,12.50000000,4.00000000
1312304242,12.50000000,0.20000000
1312304242,12.50000000,2.00000000
1312304242,12.50000000,12.72000000
1312304242,12.50000000,12.77874369
1312304318,12.52045000,0.04266107
1312304494,12.51000000,0.10000000
1312304522,12.52045000,0.95733893
1312304522,12.52046000,6.04266107
1312304522,12.51000000,3.33733893
1312304601,12.51020000,1.39410150
1312304648,12.51020000,0.25000000
1312304650,12.52000000,0.02000000
1312304731,12.51040000,0.50000000
1312304755,12.51040000,5.50000000
1312304755,12.51000000,7.50000000
1312304790,12.52000000,8.00000000
1312304841,12.52000000,1.05000000
1312304842,12.52000000,0.01260099
1312304855,12.52000000,36.20000000
1312304858,12.51020000,6.00000000
1312304917,12.51010000,0.25000000
1312304940,12.51010000,5.75000000
1312304940,12.51000000,9.06266107
1312304982,12.50999000,0.03916950
1312305005,12.50999000,1.00000000
1312305029,12.50999000,0.01261561
1312305030,12.50010000,1.12908000
1312305043,12.50020000,0.82000000
1312305076,12.50020000,5.18000000
1312305092,12.50019000,2.00000000
1312305102,12.50019000,0.60141565
1312305115,12.50010000,5.80300120
1312305125,12.50010000,0.19699880
1312305125,12.50000000,9.80300120
1312305143,12.50000000,4.26080199
1312305143,12.50000000,2.73919801
1312305156,12.50009000,2.25858435
1312305171,12.50010000,3.74141565
1312305171,12.50000000,0.24958435
1312305185,12.50000000,25.00000000
1312305250,12.51009000,0.01485019
1312305250,12.50010000,6.00000000
1312305250,12.50000000,13.49690880
1312305250,12.50000000,5.00000000
1312305250,12.50000000,0.42328160
1312305250,12.50000000,2.07980960
1312305257,12.52000000,3.83149396
1312305257,12.53749000,2.01555106
1312305257,12.54018000,0.77899545
1312305257,12.54018000,0.71100455
1312305257,12.54900000,0.00338977
1312305257,12.54980000,15.00000000
1312305257,12.54998000,4.28560568
1312305274,12.51009000,10.00000000
1312305274,12.50000000,4.14144671
1312305274,12.49000000,5.82855329
1312305280,12.50000000,6.00000000
1312305298,12.49000000,5.93271100
1312305327,12.50000000,5.86938151
1312305419,12.49020000,6.00000000
1312305419,12.49000000,0.23593434
1312305420,12.49000000,8.23873571
1312305443,12.48720000,0.32030000
1312305446,12.48000000,1.25020592
1312305448,12.47000000,1.60000000
1312305449,12.47000000,2.68126745
1312305506,12.48900000,5.73834857
1312305549,12.47020000,6.00000000
1312305604,12.47019000,3.38291557
1312305651,12.47019000,12.84026707
1312305654,12.47019000,2.77681736
1312305721,12.47500000,0.10000000
1312305832,12.48000000,0.10000000
1312305925,12.49000000,0.10000000
1312305925,12.50000000,0.05343680
1312305925,12.50000000,0.03735000
1312305952,12.48021000,6.00000000
1312306028,12.48020000,4.00050000
1312306062,12.48021000,1.99950000
1312306090,12.48010000,6.00000000
1312306155,12.48010000,6.00000000
1312306171,12.48010000,0.98000000
1312306217,12.48010000,6.00000000
1312306279,12.48010000,6.00000000
1312306310,12.48001000,13.03100000
1312306310,12.47501000,0.00096272
1312306310,12.47100000,4.02000000
1312306311,12.46969000,0.05000000
1312306311,12.46740000,1.60418371
1312306311,12.45958000,0.08000000
1312306311,12.45617000,1.52140000
1312306311,12.45001000,2.00000000
1312306312,12.45000000,1.20481927
1312306312,12.45000000,4.70000000
1312306312,12.45000000,13.00000000
1312306312,12.45000000,0.30000000
1312306312,12.44970000,0.05000000
1312306312,12.44833000,0.05196000
1312306312,12.43869000,0.02467000
1312306312,12.42945000,1.68060000
1312306312,12.42440000,0.01000000
1312306312,12.42419000,0.32635000
1312306313,12.41210000,2.55694000
1312306313,12.41100000,2.00000000
1312306313,12.41001000,1.00000000
1312306313,12.41000000,5.00000000
1312306313,12.41000000,25.00000000
1312306313,12.40675000,8.00000000
1312306313,12.40214000,0.18690000
1312306313,12.40129000,0.05000000
1312306313,12.40100000,12.55021430
1312306357,12.48000000,0.91000000
1312306361,12.48000000,4.09000000
1312306361,12.40110000,6.00000000
1312306361,12.40100000,0.50000000
1312306361,12.40100000,3.67455254
1312306380,12.40100000,2.50000000
1312306428,12.40110000,6.00000000
1312306428,12.40100000,31.27523316
1312306428,12.40100000,2.51000000
1312306487,12.40109000,0.08010000
1312306494,12.40109000,0.10000000
1312306501,12.40109000,0.48384532
1312306527,12.40109000,6.00000000
1312306533,12.40109000,0.10000000
1312306542,12.40109000,0.10000000
1312306548,12.40100000,0.48386662
1312306561,12.40099000,0.19500000
1312306577,12.40039000,0.08000000
1312306577,12.40000000,0.43500000
1312306577,12.40000000,2.00000000
1312306577,12.40000000,3.20613352
1312306579,12.40099000,0.37500000
1312306580,12.40099000,6.50000000
1312306580,12.40099000,0.75000000
1312306580,12.40099000,0.10000000
1312306583,12.40099000,0.37500000
1312306583,12.40099000,0.75000000
1312306583,12.40099000,0.75000000
1312306589,12.40099000,6.00000000
1312306593,12.40010000,6.00000000
1312306593,12.40000000,1.00000000
1312306603,12.40099000,5.20341106
1312306646,12.40099000,0.30000000
1312306667,12.40010000,6.00000000
1312306667,12.40000000,5.79386648
1312306667,12.40000000,0.48532419
1312306667,12.40000000,0.20000000
1312306668,12.40000000,3.59500000
1312306668,12.40000000,8.00000000
1312306668,12.40000000,10.00000000
1312306668,12.40000000,0.20000000
1312306668,12.40000000,0.42194322
1312306670,12.40099000,4.76772232
1312306682,12.40109000,0.20500000
1312306701,12.40109000,0.19500000
1312306706,12.40109000,0.30000000
1312306714,12.40109000,6.00000000
1312306716,12.40109000,0.10000000
1312306718,12.40109000,0.15000000
1312306718,12.40100000,20.23227768
1312306718,12.40099000,0.21000000
1312306720,12.40109000,11.18605468
1312306720,12.40110000,6.33325232
1312306729,12.40110000,2.71297068
1312306729,12.40000000,49.57805678
1312306729,12.40000000,0.30000000
1312306729,12.40000000,50.15000000
1312306729,12.40000000,0.50000000
1312306729,12.40000000,1.00000000
1312306729,12.39449000,0.02833000
1312306729,12.39000000,0.01775625
1312306729,12.39000000,39.70114205
1312306730,12.38513000,2.82661000
1312306730,12.38000000,1.93500000
1312306730,12.38000000,0.01323305
1312306732,12.38000000,2.00000000
1312306744,12.38000000,3.12640000
1312306746,12.38000000,3.12640000
1312306751,12.37601000,2.00104000
1312306753,12.37560000,0.20642000
1312306755,12.38000000,0.01048214
1312306755,12.37000000,2.99353418
1312306796,12.37600000,2.00000000
1312306797,12.37600000,3.08286580
1312306801,12.37010000,6.00000000
1312306801,12.37000000,17.00646582
1312306801,12.36965000,0.36508286
1312306801,12.36700000,0.54500000
1312306820,12.36000000,1.27314489
1312306823,12.36010000,5.06761720
1312306823,12.36010000,1.65923791
1312306823,12.35000000,0.10000000
1312306824,12.35000000,48.24076209
1312306834,12.37009000,16.20000000
1312306838,12.35010000,2.86200000
1312306842,12.37009000,0.78032640
1312306843,12.37009000,1.89928157
1312306843,12.37009000,0.10000000
1312306846,12.37600000,0.06916208
1312306846,12.37009000,3.02039203
1312306852,12.37009000,2.04095482
1312306857,12.35010000,3.13800000
1312306857,12.35000000,51.75923791
1312306858,12.35000000,0.00067692
1312306858,12.35000000,2.42900000
1312306858,12.35000000,8.09700000
1312306858,12.34520000,1.00000000
1312306858,12.34001000,10.00000000
1312306858,12.34000000,10.00000000
1312306871,12.33271000,0.05398000
1312306873,12.34010000,14.09500000
1312306873,12.33123000,0.08000000
1312306873,12.33119000,3.36950000
1312306875,12.33000000,1.13953852
1312306875,12.33000000,0.40314429
1312306878,12.34000000,0.01374202
1312306883,12.34000000,0.04000000
1312306897,12.34000000,3.61056807
1312306914,12.34000000,0.10000000
1312306915,12.34000000,4.89695153
1312306916,12.33010000,3.00000000
1312306922,12.35000000,0.68435937
1312306936,12.34000000,10.00000000
1312306947,12.34000000,0.15030000
1312306950,12.34000000,0.15030000
1312306965,12.33020000,2.84000000
1312306966,12.34000000,0.30000000
1312306974,12.34000000,1.15051152
1312306990,12.33020000,3.16000000
1312306994,12.33009000,0.01171990
1312307007,12.33009000,0.20665992
1312307007,12.33009000,0.09334008
1312307023,12.33009000,2.00000000
1312307027,12.33009000,4.73494002
1312307033,12.35000000,10.00000000
1312307045,12.33010000,1.00950000
1312307052,12.33010000,1.26505998
1312307052,12.33000000,0.65272830
1312307085,12.32510000,0.89364705
1312307087,12.32510000,0.24572000
1312307089,12.32510000,3.75457837
1312307097,12.32510000,1.10605458
1312307097,12.32500000,0.89364705
1312307097,12.32251000,0.24572000
1312307097,12.32001000,8.11687652
1312307097,12.32000000,10.00000000
1312307097,12.32000000,6.90033522
1312307097,12.31454000,0.08000000
1312307097,12.31100000,2.00000000
1312307097,12.31000000,5.00000000
1312307098,12.30610000,0.09550000
1312307098,12.30162000,0.06026000
1312307098,12.30010000,0.01000000
1312307098,12.30010000,5.00000000
1312307098,12.30001000,0.50000000
1312307098,12.30000000,2.00000000
1312307103,12.30000000,5.00000000
1312307104,12.30000000,5.00000000
1312307104,12.30000000,1.00000000
1312307105,12.30000000,30.00000000
1312307105,12.30000000,0.05604308
1312307105,12.30000000,12.00000000
1312307105,12.30000000,0.20000000
1312307106,12.30000000,2.00000000
1312307106,12.30000000,3.20000000
1312307106,12.30000000,20.00000000
1312307107,12.30000000,0.20000000
1312307107,12.30000000,10.18930081
1312307107,12.30000000,0.19790000
1312307107,12.30000000,4.74836274
1312307113,12.31000000,4.89243660
1312307113,12.31000000,25.00000000
1312307140,12.30010000,1.14818697
1312307143,12.30010000,4.87775929
1312307148,12.30010000,38.97405374
1312307148,12.30000000,1.91554626
1312307150,12.30020000,6.00000000
1312307150,12.30000000,0.33609100
1312307151,12.30000000,38.15420501
1312307160,12.30000000,0.10000000
1312307161,12.30000000,2.65390081
1312307161,12.30000000,1.80000000
1312307161,12.30000000,6.82546897
1312307161,12.29104000,1.52092000
1312307161,12.29000000,17.09971022
1312307168,12.30009000,0.60000000
1312307188,12.29999000,5.00000000
1312307188,12.29999000,5.00000000
1312307219,12.29010000,6.00000000
1312307219,12.29000000,22.90028978
1312307231,12.28999000,5.57274000
1312307232,12.28999000,3.87551803
1312307232,12.29990000,10.00000000
1312307232,12.29999000,22.07714848
1312307247,12.28722000,0.14701271
1312307260,12.28721000,5.00000000
1312307269,12.28614000,0.00037277
1312307270,12.28500000,0.27807570
1312307271,12.28500000,1.28700000
1312307271,12.28311000,8.14100000
1312307271,12.28200000,72.22231314
1312307271,12.28180000,1.08000000
1312307271,12.28000000,0.00062540
1312307271,12.27041000,5.00000000
1312307271,12.27001000,6.55606146
1312307272,12.28500000,6.00000000
1312307290,12.28000000,0.38200000
1312307290,12.27001000,2.61800000
1312307304,12.27001000,57.10550048
1312307308,12.27001000,20.00000000
1312307312,12.27001000,0.16227946
1312307312,12.27010000,5.00000000
1312307312,12.27001000,13.55815860
1312307313,12.27000000,50.00000000
1312307313,12.26913000,2.65030000
1312307313,12.26250000,78.34154140
1312307332,12.27000000,6.00000000
1312307350,12.27000000,4.73462689
1312307356,12.26250000,7.00000000
1312307361,12.26250000,1.33845860
1312307361,12.26001000,1.00000000
1312307361,12.26000000,67.00000000
1312307361,12.25900000,1.30000000
1312307362,12.25800000,2.10000000
1312307362,12.25650000,2.66742000
1312307362,12.25060000,50.00000000
1312307362,12.25050000,200.00000000
1312307362,12.25001000,100.00000000
1312307362,12.25000000,16.17004408
1312307362,12.25000000,4.00000000
1312307362,12.25000000,15.00000000
1312307362,12.25000000,0.21010612
1312307363,12.25000000,289.21397120
1312307367,12.25000000,1.00000000
1312307384,12.25000000,4.72042301
1312307389,12.25000000,615.00000000
1312307394,12.25000000,17.61000000
1312307418,12.26000000,4.15585485
1312307419,12.26249000,0.63989020
1312307438,12.28500000,2.00000000
1312307446,12.26250000,1.88500000
1312307446,12.26001000,1.47510980
1312307454,12.26001000,0.52489020
1312307454,12.26001000,0.50000000
1312307454,12.25010000,5.93310980
1312307457,12.28999000,0.89903728
1312307479,12.28500000,0.10006905
1312307570,12.28500000,14.00000000
1312307584,12.26031000,6.00000000
1312307585,12.26001000,0.15912221
1312307585,12.26001000,1.00000000
1312307585,12.26001000,0.05482255
1312307585,12.25000000,52.78605524
1312307627,12.25500000,12.00000000
1312307627,12.25010000,5.00000000
1312307627,12.25000000,55.00000000
1312307627,12.25000000,35.62405306
1312307639,12.28500000,5.44600000
1312307652,12.25510000,6.00000000
1312307652,12.25000000,6.45262000
1312307667,12.28500000,0.03410051
1312307691,12.28500000,0.41983044
1312307691,12.28999000,1.58016956
1312307717,12.25010000,2.88850000
1312307737,12.25509000,0.12203092
1312307771,12.25020000,6.00000000
1312307771,12.25000000,19.66955055
1312307771,12.25000000,8.07332694
1312307771,12.24990000,2.40000000
1312307771,12.24240000,0.32670000
1312307771,12.24200000,10.00000000
1312307772,12.23944000,0.07291000
1312307772,12.23456000,10.00000000
1312307772,12.23000000,1.00000000
1312307772,12.22991000,0.02438000
1312307772,12.22405000,1.54638000
1312307772,12.22332000,4.46965000
1312307772,12.22300000,10.03272519
1312307772,12.22030000,100.00000000
1312307772,12.22000000,20.00000000
1312307772,12.22000000,4.00000000
1312307773,12.22000000,1.00000000
1312307773,12.22000000,36.81506546
1312307773,12.22000000,80.00000000
1312307773,12.21990000,37.45733434
1312307773,12.21634000,0.32535000
1312307773,12.21601000,8.00000000
1312307773,12.21100000,2.00000000
1312307774,12.21000000,15.00000000
1312307774,12.21000000,40.00000000
1312307774,12.21000000,1.00000000
1312307774,12.21000000,5.00000000
1312307774,12.21000000,1.60000000
1312307774,12.20000000,2.00000000
1312307774,12.20000000,164.61568196
1312307774,12.20000000,12.70245901
1312307775,12.20000000,19.14535819
1312307775,12.20000000,1.62773360
1312307775,12.20000000,25.00000000
1312307775,12.20000000,4.00000000
1312307775,12.20000000,1.00000000
1312307775,12.20000000,10.00000000
1312307775,12.20000000,0.20000000
1312307775,12.20000000,20.00000000
1312307776,12.20000000,10.00000000
1312307776,12.20000000,1.18480000
1312307776,12.20000000,0.20000000
1312307776,12.20000000,10.00000000
1312307776,12.20000000,10.00000000
1312307776,12.20000000,0.10000000
1312307776,12.20000000,4.00000000
1312307777,12.20000000,0.25558770
1312307777,12.19995000,1.70437000
1312307777,12.19672000,0.02735000
1312307777,12.18000000,0.14000000
1312307777,12.17710000,0.01000000
1312307777,12.17000000,2.00000000
1312307777,12.17000000,410.84600000
1312307778,12.16893000,1.00000000
1312307778,12.16300000,2.00000000
1312307778,12.16020000,0.26400000
1312307778,12.15176000,2.02222000
1312307778,12.15001000,5.00000000
1312307779,12.15000000,6.79703292
1312307779,12.15000000,0.53900000
1312307779,12.15000000,100.00000000
1312307779,12.14500000,50.00000000
1312307779,12.13370000,164.82999414
1312307779,12.13130000,50.53570021
1312307779,12.13100000,22.50000000
1312307780,12.13035000,0.03333000
1312307780,12.13000000,2.50000000
1312307780,12.13000000,80.00000000
1312307780,12.11508000,0.09861000
1312307781,12.11230000,8.31331126
1312307781,12.11100000,10.00000000
1312307781,12.11010000,0.30000000
1312307781,12.11000000,1.00000000
1312307782,12.11000000,34.01683897
1312307782,12.11000000,5.00000000
1312307782,12.10100000,50.00000000
1312307782,12.10000000,8.26450000
1312307782,12.10000000,0.10000000
1312307782,12.10000000,10.00000000
1312307782,12.10000000,0.58000000
1312307782,12.10000000,1.00000000
1312307786,12.10000000,10.00000000
1312307787,12.10000000,0.50000000
1312307788,12.10000000,15.00000000
1312307789,12.10000000,0.20000000
1312307789,12.10000000,0.12515867
1312307789,12.10000000,0.01635785
1312307790,12.10000000,3.00000000
1312307790,12.10000000,5.00000000
1312307794,12.10000000,41.66660000
1312307795,12.10000000,100.00000000
1312307795,12.10000000,22.00000000
1312307795,12.10000000,2.00000000
1312307795,12.10000000,0.80000000
1312307796,12.10000000,20.00000000
1312307796,12.10000000,19.20000000
1312307796,12.09001000,2.00000000
1312307796,12.09000000,5.50000000
1312307797,12.09000000,50.00000000
1312307801,12.07000000,1.00000000
1312307801,12.07000000,7.20000000
1312307802,12.07000000,50.00000000
1312307802,12.06625000,0.15000000
1312307802,12.06000000,8.29187396
1312307802,12.06000000,9.00000000
1312307803,12.05540000,0.01000000
1312307803,12.05537000,3.98337000
1312307803,12.05490000,46.02000000
1312307804,12.05000000,23.98000000
1312307804,12.05000000,8.30000000
1312307804,12.05000000,50.00000000
1312307804,12.04000000,10.05000000
1312307804,12.04000000,50.00000000
1312307805,12.03120000,100.00000000
1312307805,12.03000000,10.00000000
1312307805,12.03000000,0.57000000
1312307805,12.03000000,1.99085619
1312307805,12.03000000,5.00000000
1312307806,12.03000000,40.87657232
1312307819,12.25030000,13.16649000
1312307841,12.25030000,0.10000000
1312307842,12.25030000,5.06000000
1312307864,12.25030000,0.08000000
1312307864,12.22030000,0.11019000
1312307864,12.11210000,6.00000000
1312307864,12.04100000,2.36089112
1312307864,12.03000000,9.12342768
1312307864,12.02141000,1.00000000
1312307865,12.02001000,100.00000000
1312307870,12.02001000,0.10000000
1312307870,12.02001000,0.50000000
1312307875,12.02001000,0.10000000
1312307875,12.02001000,51.32549120
1312307877,12.20031000,0.15000000
1312307877,12.25029000,0.22963200
1312307877,12.25509000,0.12036800
1312307879,12.02011000,4.91512487
1312307899,12.25509000,4.23736066
1312307900,12.02011000,0.08000000
1312307900,12.25509000,13.40000000
1312307902,12.28450000,5.00000000
1312307903,12.28999000,0.60000000
1312307911,12.22300000,1.80619000
1312307911,12.22300000,1.87027000
1312307913,12.17246000,1.33362186
1312307913,12.17246000,0.66420814
1312307913,12.24667000,1.33579186
1312307917,12.24667000,0.91484814
1312307917,12.28999000,3.49153022
1312307918,12.22300000,0.00551419
1312307919,12.02100000,12.42352623
1312307931,12.04415000,2.00000000
1312307942,12.13057000,0.10000000
1312307949,12.13057000,0.02530000
1312307969,12.16290000,0.13280000
1312307969,12.20000000,35.02678196
1312307978,12.14010000,6.00000000
1312307978,12.14000000,6.00000000
1312307978,12.13057000,0.07470000
1312307978,12.13057000,0.00844148
1312307978,12.13000000,0.03664848
1312307980,12.13000000,10.00000000
1312308002,12.13000000,0.10000000
1312308003,12.13000000,5.00000000
1312308026,12.13000000,0.30000000
1312308074,12.10000000,0.10000000
1312308079,12.10000000,0.43542276
1312308083,12.10000000,0.43542276
1312308110,12.13000000,0.30000000
1312308115,12.13000000,0.10000000
1312308121,12.07010000,3.06000000
1312308146,12.12000000,0.30000000
1312308150,12.12000000,0.20000000
1312308161,12.12000000,3.50000000
1312308165,12.12000000,0.02027858
1312308177,12.12000000,0.10000000
1312308188,12.10000000,7.67500000
1312308208,12.12000000,10.70293946
1312308209,12.13000000,8.63714815
1312308209,12.13000000,0.08000000
1312308209,12.13637000,0.57991239
1312308213,12.10000000,12.00000000
1312308218,12.16290000,0.08000000
1312308218,12.16320000,14.92000000
1312308231,12.13637000,0.55882761
1312308231,12.16320000,5.23117239
1312308274,12.16320000,5.00000000
1312308282,12.15000000,10.00000000
1312308283,12.16320000,4.84882761
1312308324,12.16642000,1.20179000
1312308324,12.16917000,0.04095000
1312308347,12.18342000,0.01336000
1312308347,12.20000000,4.38197950
1312308358,12.20000000,0.10000000
1312308359,12.18010000,6.00000000
1312308359,12.18000000,3.75726000
1312308383,12.18400000,5.00000000
1312308383,12.16643000,10.00000000
1312308383,12.16642000,0.30000000
1312308383,12.16321000,6.29323135
1312308386,12.20000000,0.30000000
1312308388,12.20000000,5.21802050
1312308388,12.20000000,20.00000000
1312308415,12.20204000,0.04103000
1312308416,12.20205000,3.00000000
1312308425,12.20205000,3.00000000
1312308449,12.21000000,3.00000000
1312308464,12.22332000,1.81326000
1312308464,12.22653000,1.32697000
1312308464,12.22757000,0.14770000
1312308465,12.23000000,3.00000000
1312308467,12.23000000,3.71207000
1312308476,12.21050000,5.00000000
1312308479,12.21050000,1.00000000
1312308487,12.21050000,7.00000000
1312308488,12.21050000,3.28793000
1312308497,12.23000000,11.17636003
1312308512,12.23054000,0.01463000
1312308512,12.23712000,0.04382000
1312308512,12.24786000,1.89861000
1312308512,12.24792000,0.05137000
1312308512,12.28290000,0.08000000
1312308512,12.28641000,0.05643000
1312308512,12.28721000,9.44825803
1312308512,12.28999000,4.42926294
1312308513,12.29000000,10.00000000
1312308513,12.29694000,2.06830000
1312308513,12.29999000,5.92285152
1312308513,12.30000000,0.30000000
1312308513,12.30000000,5.00000000
1312308513,12.30000000,3.70000000
1312308515,12.30009000,0.10719677
1312308528,12.30000000,1.99400000
1312308530,12.30000000,0.48239378
1312308531,12.30000000,0.15000000
1312308535,12.30009000,6.00000000
1312308537,12.30009000,26.29280323
1312308537,12.30728000,0.03952000
1312308546,12.31320000,20.00000000
1312308546,12.32000000,0.91393932
1312308546,12.32313000,0.12393000
1312308547,12.32479000,0.02775000
1312308547,12.32781000,0.03950000
1312308547,12.34880000,0.05173000
1312308547,12.35000000,64.31564063
1312308547,12.35000000,20.00000000
1312308547,12.35689000,0.14585000
1312308547,12.35773000,0.04576000
1312308548,12.36617000,0.15000000
1312308548,12.36653000,1.39863000
1312308548,12.37000000,33.00000000
1312308548,12.37600000,7.84797212
1312308548,12.38416000,0.13864000
1312308548,12.39360000,0.10320000
1312308548,12.39510000,2.16916000
1312308548,12.39720000,0.06436000
1312308549,12.39819000,0.08000000
1312308550,12.40348000,0.05692227
1312308551,12.40348000,0.00640142
1312308551,12.40000000,0.10000000
1312308551,12.40010000,29.14847498
1312308551,12.40348000,0.05028330
1312308552,12.41452000,0.00071985
1312308553,12.41452000,0.00008014
1312308554,12.40348000,0.00000930
1312308554,12.41452000,0.00000071
1312308555,12.40010000,0.10000000
1312308557,12.40348000,0.04746371
1312308559,12.41452000,0.05344930
1312308559,12.42311000,1.46219000
1312308560,12.42311000,0.06221000
1312308561,12.42311000,0.15302000
1312308565,12.42310000,0.10000000
1312308568,12.42310000,0.10000000
1312308572,12.41453000,4.99000000
1312308578,12.41453000,0.10000000
1312308583,12.41453000,0.10000000
1312308588,12.42300000,10.00000000
1312308588,12.42300000,10.00000000
1312308588,12.42311000,0.93018000
1312308589,12.42513000,1.43982000
1312308597,12.41453000,0.10000000
1312308606,12.41463000,0.10000000
1312308609,12.41463000,0.10000000
1312308615,12.42513000,0.02237000
1312308615,12.44464000,0.06221000
1312308617,12.45032000,0.05523140
1312308617,12.45000000,0.10000000
1312308624,12.45032000,0.00602575
1312308625,12.45000000,0.10000000
1312308626,12.45300000,0.00065760
1312308628,12.45300000,0.00007155
1312308628,12.45000000,0.10000000
1312308629,12.45300000,0.00000787
1312308630,12.45300000,0.00000071
1312308638,12.45000000,0.10000000
1312308638,12.45032000,0.09176285
1312308638,12.45300000,3.93270055
1312308640,12.45000000,0.10000000
1312308658,12.45000000,0.20000000
1312308662,12.45010000,0.10000000
1312308669,12.45010000,0.10000000
1312308670,12.45300000,9.00000000
1312308676,12.45010000,0.10000000
1312308678,12.45300000,7.06656172
1312308678,12.46000000,0.00058856
1312308678,12.46321000,0.08000000
1312308679,12.46398000,0.17212000
1312308679,12.46990000,18.72135462
1312308680,12.46990000,2.21864538
1312308680,12.47000000,6.80000000
1312308680,12.47914000,0.06086000
1312308680,12.48010000,0.08000000
1312308680,12.48500000,3.45000000
1312308681,12.48567000,0.06543000
1312308681,12.48821000,1.85786000
1312308681,12.49300000,9.97000000
1312308681,12.49354000,0.25286000
1312308681,12.49908000,0.05482255
1312308681,12.50000000,10.97100000
1312308682,12.50000000,10.00000000
1312308682,12.50000000,0.10000000
1312308683,12.50776000,0.05418239
1312308685,12.50776000,0.00568872
1312308685,12.50000000,0.10000000
1312308687,12.50776000,0.00059749
1312308688,12.50000000,4.01852207
1312308688,12.46001000,4.92200000
1312308688,12.45010000,5.70000000
1312308690,12.45009000,0.00006296
1312308690,12.45009000,1.50000000
1312308692,12.45009000,0.00000715
1312308693,12.45009000,0.00000071
1312308694,12.45000000,0.10000000
1312308700,12.45000000,0.10000000
1312308701,12.45009000,0.08000000
1312308704,12.45009000,2.00000000
1312308705,12.45000000,0.10000000
1312308711,12.45000000,0.10000000
1312308713,12.45009000,0.99400000
1312308713,12.45009000,15.28600000
1312308715,12.45009000,1.50000000
1312308717,12.45009000,0.57000000
1312308721,12.45000000,0.10000000
1312308723,12.45009000,2.64399929
1312308723,12.45009000,3.35600071
1312308731,12.45000000,2.00000000
1312308731,12.45000000,23.57000000
1312308732,12.45000000,3.81542000
1312308753,12.44900000,10.00000000
1312308753,12.44999000,22.61458000
1312308754,12.44999000,26.25038000
1312308756,12.44000000,0.01001000
1312308756,12.42514000,0.00084667
1312308756,12.42514000,0.08914333
1312308765,12.42999000,5.00000000
1312308768,12.42514000,0.10000000
1312308770,12.42514000,0.22000000
1312308772,12.42514000,0.10000000
1312308781,12.42514000,0.10000000
1312308782,12.42999000,2.00000000
1312308782,12.44999000,3.80000000
1312308790,12.42524000,6.00000000
1312308791,12.40010000,0.08000000
1312308795,12.40010000,0.02000000
1312308816,12.42312000,1.99000000
1312308816,12.42514000,13.01000000
1312308818,12.40010000,30.20345545
1312308835,12.35000000,0.10000000
1312308836,12.34000000,20.00000000
1312308836,12.35000000,177.68427449
1312308840,12.35000000,0.10000000
1312308880,12.35000000,0.10000000
1312308880,12.30020000,6.00000000
1312308880,12.30010000,5.00000000
1312308881,12.30000000,2.50000000
1312308889,12.30000000,0.10000000
1312308894,12.30000000,0.10000000
1312308895,12.30000000,0.03553187
1312308900,12.27557000,0.10000000
1312308900,12.27000000,6.85000000
1312308905,12.26999000,0.10000000
1312308908,12.26999000,0.10000000
1312308910,12.25218000,0.08000000
1312308910,12.25000000,13.42000000
1312308911,12.25000000,0.15000000
1312308916,12.25000000,5.85000000
1312308917,12.26999000,0.15000000
1312308917,12.26999000,0.10000000
1312308926,12.25000000,0.10000000
1312308926,12.21000000,1.00000000
1312308926,12.21000000,36.56901532
1312308938,12.25000000,0.30000000
1312308938,12.21031000,0.10000000
1312308938,12.21000000,9.60000000
1312308950,12.25000000,0.08000000
1312308951,12.28000000,0.02723316
1312308981,12.28000000,10.00000000
1312308985,12.28000000,4.88000000
1312308993,12.27011000,6.00000000
1312308993,12.27001000,3.97000000
1312309031,12.27001000,0.18035030
1312309032,12.27001000,0.05522775
1312309036,12.27000000,0.10000000
1312309127,12.25021000,6.00000000
1312309137,12.25010000,10.00000000
1312309143,12.25010000,0.10000000
1312309156,12.25010000,5.00000000
1312309168,12.25010000,6.00000000
1312309184,12.25001000,127.12665810
1312309188,12.25001000,37.60000000
1312309234,12.25010000,6.00000000
1312309257,12.25001000,35.27334190
1312309263,12.24500000,0.01790486
1312309321,12.23500000,0.10000000
1312309321,12.22010000,5.94000000
1312309391,12.25010000,0.01202520
1312309395,12.24511000,6.00000000
1312309399,12.24501000,50.00000000
1312309399,12.24501000,0.87322137
1312309420,12.24501000,0.15000000
1312309422,12.24510000,6.00000000
1312309432,12.24501000,0.90118000
1312309459,12.25010000,3.97772474
1312309460,12.24510000,0.10123070
1312309461,12.25010000,0.00261654
1312309461,12.24510000,0.00006682
1312309462,12.24510000,0.00000159
1312309467,12.24501000,2.15000000
1312309475,12.24500000,0.50000000
1312309483,12.24510000,2.89870089
1312309557,12.24910000,0.10000000
1312309557,12.24521000,6.00000000
1312309577,12.24501000,0.55000000
1312309617,12.24510000,100.00000000
1312309625,12.24510000,8.10000000
1312309635,12.24501000,2.72559863
1312309662,12.24501000,3.25440137
1312309662,12.24510000,1.74559863
1312309684,12.24500000,0.01577715
1312309718,12.22000000,3.20000000
1312309745,12.22000000,5.07284188
1312309787,12.24510000,3.00000000
1312309836,12.24410000,0.10000000
1312309870,12.22010000,6.00000000
1312309875,12.24409000,4.40000000
1312309875,12.24510000,0.05440137
1312309875,12.25010000,45.54559863
1312309897,12.22000000,1.72715812
1312309914,12.21020000,0.20000000
1312309932,12.21999000,1.00000000
1312309933,12.25010000,0.90087779
1312309958,12.21030000,3.25000000
1312310023,12.21050000,2.90000000
1312310083,12.21050000,1.00000000
1312310093,12.21150000,0.20000000
1312310093,12.21999000,0.80000000
1312310104,12.21999000,1.00000000
1312310115,12.21999000,0.45784188
1312310165,12.25010000,1.46115710
1312310222,12.25020000,6.00000000
1312310241,12.25000000,8.71230040
1312310243,12.25000000,1.96484489
1312310319,12.24996000,0.10000000
1312310320,12.25000000,2.08000000
1312310430,12.22010000,6.00000000
1312310430,12.22000000,3.67215812
1312310430,12.21060000,5.00000000
1312310430,12.21050000,3.02000000
1312310430,12.21020000,5.80000000
1312310430,12.21000000,3.83098468
1312310430,12.20100000,4.00000000
1312310430,12.20010000,50.00000000
1312310430,12.20000000,2.00000000
1312310430,12.20000000,10.00000000
1312310431,12.20000000,1.00000000
1312310431,12.19875000,3.59949912
1312310431,12.19000000,10.04170632
1312310431,12.17000000,5.00000000
1312310431,12.16924000,0.02507000
1312310431,12.16463000,0.80978000
1312310431,12.15030000,1.62000000
1312310431,12.15010000,1.65888264
1312310431,12.15000000,16.46095720
1312310432,12.14683000,0.05433000
1312310432,12.14583000,1.12774000
1312310432,12.13637000,0.10000000
1312310432,12.13022000,0.02467000
1312310432,12.13001000,3.00000000
1312310432,12.12621000,0.80675000
1312310432,12.12001000,0.00038118
1312310432,12.12000000,0.30000000
1312310432,12.11978000,0.06021000
1312310433,12.11550000,0.15000000
1312310433,12.10363000,0.21139000
1312310433,12.10000000,0.30000000
1312310433,12.09987000,2.69482000
1312310433,12.09703000,0.02776000
1312310433,12.09007000,1.90000000
1312310434,12.09000000,40.00000000
1312310434,12.08698000,1.12082000
1312310434,12.07662000,0.23591000
1312310434,12.07007000,2.34000000
1312310434,12.07000000,50.00000000
1312310434,12.06911000,3.04480000
1312310434,12.06780000,50.00000000
1312310434,12.06570000,0.07206000
1312310435,12.06020000,61.92500000
1312310435,12.05560000,101.02097116
1312310435,12.05000000,50.00000000
1312310435,12.05000000,0.10000000
1312310435,12.05000000,5.03000000
1312310435,12.03723000,0.06157000
1312310435,12.03000000,0.50000000
1312310435,12.02261000,0.28527000
1312310435,12.02014000,18.33448362
1312310436,12.02010000,36.55693811
1312310436,12.02000000,100.00000000
1312310436,12.02000000,3.23177000
1312310436,12.02000000,15.15000000
1312310436,12.01900000,0.42800000
1312310436,12.01712000,40.00000000
1312310436,12.01250000,9.00000000
1312310436,12.01230000,7.69999084
1312310437,12.01230000,5.00000000
1312310437,12.01200000,33.33000000
1312310437,12.01100000,128.89483057
1312310437,12.01100000,10.00000000
1312310437,12.01001000,0.60000000
1312310437,12.01000000,1.29418900
1312310437,12.01000000,5.00000000
1312310438,12.01000000,1.15000000
1312310438,12.01000000,47.00000000
1312310438,12.01000000,0.30000000
1312310438,12.01000000,40.00000000
1312310438,12.01000000,100.00000000
1312310438,12.01000000,0.10000000
1312310438,12.01000000,10.00000000
1312310438,12.01000000,1.00000000
1312310438,12.01000000,20.00000000
1312310439,12.01000000,5.00000000
1312310439,12.01000000,1.00000000
1312310439,12.01000000,7.00000000
1312310439,12.00851000,2.04589000
1312310439,12.00758000,6.72924000
1312310439,12.00400000,0.48883000
1312310439,12.00300000,22.00000000
1312310440,12.00240000,0.33330000
1312310440,12.00200000,2.02000000
1312310440,12.00100000,10.00000000
1312310440,12.00100000,9.46000000
1312310440,12.00100000,15.63901258
1312310440,12.00100000,100.00000000
1312310440,12.00100000,11.60185484
1312310441,12.00010000,10.30462329
1312310441,12.00003000,24.48131463
1312310441,12.00002000,10.00000000
1312310441,12.00001000,0.04373079
1312310441,12.00001000,3.00000000
1312310441,12.00001000,40.00000000
1312310441,12.00001000,170.76658686
1312310441,12.00000000,0.00026916
1312310441,12.00000000,0.38559666
1312310442,12.00000000,0.49169000
1312310442,12.00000000,1.18616667
1312310442,12.00000000,2.00000000
1312310442,12.00000000,2.00000000
1312310442,12.00000000,30.00000000
1312310442,12.00000000,10.00000000
1312310442,12.00000000,4.18000000
1312310442,12.00000000,24.99966000
1312310442,12.00000000,2.99916667
1312310443,12.00000000,3.00000000
1312310443,12.00000000,0.05475749
1312310443,12.00000000,3.00000000
1312310443,12.00000000,0.20000000
1312310443,12.00000000,2.00000000
1312310443,12.00000000,109.50000000
1312310443,12.00000000,4.16600000
1312310443,12.00000000,1.00000000
1312310443,12.00000000,14.50000000
1312310443,12.00000000,1.00000000
1312310444,12.00000000,40.00000000
1312310444,12.00000000,147.31861780
1312310449,12.00000000,2.68138220
1312310450,12.00000000,0.10000000
1312310450,12.00000000,44.25000000
1312310450,12.00000000,2.58371431
1312310455,12.24996000,1.78874448
1312310508,12.25000000,1.24285471
1312310512,12.25007000,4.75714529
1312310512,12.24997000,2.21125552
1312310524,12.16331000,2.00000000
1312310535,12.16322000,4.00000000
1312310543,12.24050000,0.08000000
1312310543,12.24050000,0.02000000
1312310554,12.24050000,0.10000000
1312310559,12.16331000,0.10000000
1312310559,12.16322000,4.12000000
1312310559,12.16231000,0.10000000
1312310559,12.15000000,0.08035390
1312310559,12.12990000,8.00000000
1312310560,12.05560000,8.44013072
1312310560,12.05007000,1.81296125
1312310560,12.00000000,7.41628569
1312310560,12.00000000,0.08469166
1312310560,12.00000000,1.00000000
1312310560,12.00000000,10.76500000
1312310560,12.00000000,18.80000000
1312310561,12.00000000,2.74666000
1312310561,12.00000000,1.00000000
1312310561,12.00000000,0.20000000
1312310561,12.00000000,42.92550000
1312310561,12.00000000,1.00000000
1312310561,12.00000000,27.65833334
1312310561,12.00000000,8.00000000
1312310561,12.00000000,1.00000000
1312310561,12.00000000,10.00000000
1312310561,12.00000000,1.00000000
1312310562,12.00000000,2.00000000
1312310562,12.00000000,0.47666833
1312310562,12.00000000,10.05375750
1312310562,12.00000000,5.00000000
1312310562,12.00000000,0.75700083
1312310562,12.00000000,0.30424999
1312310562,12.00000000,12.00000000
1312310562,12.00000000,2.00000000
1312310562,12.00000000,1.00000000
1312310563,12.00000000,10.00000000
1312310563,12.00000000,5.00000000
1312310563,12.00000000,0.54000000
1312310563,12.00000000,1.00000000
1312310563,12.00000000,0.30000000
1312310563,12.00000000,10.00000000
1312310563,12.00000000,2.49200000
1312310563,12.00000000,8.00000000
1312310563,12.00000000,5.00000000
1312310564,12.00000000,100.00000000
1312310564,12.00000000,2.50000000
1312310564,12.00000000,1.00000000
1312310564,12.00000000,0.10000000
1312310564,12.00000000,1.10000000
1312310564,12.00000000,1.00000000
1312310564,12.00000000,4.00000000
1312310564,12.00000000,4.00000000
1312310564,12.00000000,2.00000000
1312310565,12.00000000,11.00000000
1312310565,12.00000000,10.00000000
1312310565,12.00000000,244.83306000
1312310565,12.00000000,200.00000000
1312310565,12.00000000,5.00000000
1312310565,12.00000000,10.00000000
1312310565,12.00000000,5.81442333
1312310565,12.00000000,5.34000000
1312310565,12.00000000,1.00000000
1312310565,12.00000000,20.06000000
1312310565,12.00000000,10.00000000
1312310565,12.00000000,1.00000000
1312310566,12.00000000,25.00000000
1312310566,12.00000000,2.00000000
1312310566,12.00000000,10.97841750
1312310566,12.00000000,9.00000000
1312310566,12.00000000,4.50000000
1312310566,12.00000000,45.00000000
1312310566,12.00000000,5.50000000
1312310566,12.00000000,1.00000000
1312310566,12.00000000,16.64583333
1312310566,12.00000000,8.00000000
1312310566,12.00000000,12.00000000
1312310567,12.00000000,2.00000000
1312310567,12.00000000,761.50000000
1312310567,12.00000000,1.15900000
1312310567,12.00000000,25.00000000
1312310567,12.00000000,2.50000000
1312310567,12.00000000,14.60000000
1312310567,12.00000000,181.69567263
1312310570,12.16321000,0.10000000
1312310576,12.01762000,0.20000000
1312310576,12.01000000,10.00000000
1312310577,12.01000000,9.80000000
1312310585,12.16321000,0.10000000
1312310594,12.04773000,0.10000000
1312310595,12.03347000,0.20000000
1312310595,12.06056000,0.10000000
1312310595,12.01000000,0.20000000
1312310595,12.00010000,5.80000000
1312310596,12.00010000,0.20000000
1312310596,12.00000000,9.30000000
1312310596,12.03350000,0.10000000
1312310599,12.16321000,0.10000000
1312310606,12.16321000,0.11864118
1312310607,12.16321000,0.10000000
1312310618,12.16321000,0.10000000
1312310630,12.12680000,0.90000000
1312310631,12.03350000,0.30000000
1312310631,12.00000000,57.48836512
1312310649,12.11000000,0.10000000
1312310649,12.11000000,0.96170602
1312310653,12.11000000,32.32430000
1312310656,12.11000000,13.18095045
1312310656,12.11000000,23.43304353
1312310666,12.03360000,5.00000000
1312310670,12.16321000,0.01715538
1312310671,12.16321000,2.25663735
1312310671,12.21400000,0.15000000
1312310671,12.21990000,1.81000000
1312310671,12.22000000,71.32980148
1312310671,12.22000000,3.30000000
1312310671,12.22000000,3.59000000
1312310671,12.22455000,0.05109000
1312310671,12.24040000,3.58000000
1312310671,12.24050000,42.91159919
1312310671,12.25990000,2.00000000
1312310671,12.26038000,0.05579000
1312310671,12.28356000,1.11942000
1312310672,12.29000000,10.00153949
1312310672,12.30000000,2.00000000
1312310672,12.30000000,0.46000000
1312310672,12.31020000,1.79000000
1312310672,12.31030000,1.79000000
1312310672,12.31036000,1.17641000
1312310672,12.31513000,0.01886000
1312310672,12.34852000,0.02020000
1312310672,12.35000000,0.58865249
1312310673,12.36397000,0.10551950
1312310673,12.05560000,0.03000000
1312310675,12.19000000,10.04325223
1312310675,12.05560000,43.40903646
1312310675,12.03360000,1.00000000
1312310676,12.00000000,9.38125916
1312310676,12.00000000,0.30000000
1312310676,12.00000000,54.00000000
1312310676,12.00000000,10.00000000
1312310676,12.00000000,0.10000000
1312310676,12.00000000,5.00000000
1312310676,12.00000000,2.30000000
1312310676,12.00000000,0.33715416
1312310676,12.00000000,7.24000000
1312310676,12.00000000,3.30000000
1312310677,12.00000000,3.10929799
1312310688,12.11000000,3.98000000
1312310690,12.21410000,0.15000000
1312310690,12.29000000,10.00307922
1312310690,12.35000000,1.41134751
1312310690,12.36397000,1.18413050
1312310690,12.36464000,0.05049000
1312310690,12.39945000,0.07403000
1312310690,12.39951000,1.58000000
1312310691,12.39995000,7.99000000
1312310691,12.40000000,54.00000000
1312310691,12.40000000,9.08077141
1312310691,12.40007000,5.37125552
1312310691,12.40009000,50.00000000
1312310691,12.40009000,0.08000000
1312310691,12.40951000,2.00000000
1312310691,12.41530000,0.02286000
1312310691,12.41951000,2.00000000
1312310692,12.42951000,2.00000000
1312310692,12.43090000,3.00203584
1312310693,12.43090000,0.12369176
1312310693,12.15000000,0.08140164
1312310693,12.03370000,1.98000000
1312310693,12.03360000,3.98000000
1312310693,12.02014000,13.74214443
1312310694,12.00010000,5.94000000
1312310694,12.00000000,69.31030333
1312310694,12.00000000,20.00000000
1312310694,12.00000000,3.98000000
1312310696,12.00000000,6.00000000
1312310697,12.19000000,10.04479838
1312310704,12.00000000,0.50000000
1312310705,12.00000000,3.98000000
1312310707,12.00000000,10.01135222
1312310708,12.29000000,0.50000000
1312310716,12.21410000,0.50000000
1312310718,12.16321000,0.01731780
1312310718,12.11000000,0.30000000
1312310719,12.04000000,1.72268220
1312310719,12.04000000,0.60731780
1312310719,12.00000000,2.02864778
1312310719,11.99910000,0.01748591
1312310742,12.22000000,4.67155932
1312310748,12.22000000,67.53078320
1312310748,12.28990000,6.34000000
1312310748,12.29000000,9.50461919
1312310749,12.31005000,0.08000000
1312310749,12.34566000,0.15000000
1312310749,12.38600000,50.00000000
1312310749,12.39980000,1.57000000
1312310749,12.39995000,3.90000000
1312310749,12.41900000,10.00000000
1312310749,12.43090000,0.92459761
1312310751,12.15000000,0.08081069
1312310751,12.05560000,0.84918931
1312310751,12.05560000,46.25067235
1312310752,12.04591000,4.11965555
1312310752,12.02014000,4.01116209
1312310752,12.01000000,70.00000000
1312310752,11.99910000,2.02251409
1312310752,11.99900000,4.00000000
1312310752,11.99890000,5.74000000
1312310753,11.99762000,0.04550000
1312310753,11.99000000,12.43049592
1312310754,12.19000000,0.15000000
1312310786,12.24630000,50.00000000
1312310787,12.28990000,1.57000000
1312310787,12.39995000,7.77000000
1312310787,12.43090000,75.94967479
1312310787,12.45000000,0.20000000
1312310787,12.45000000,1.00000000
1312310788,12.45007000,0.12000000
1312310788,12.45009000,6.64399929
1312310788,12.45009000,81.77940782
1312310788,12.45010000,0.10000000
1312310788,12.46951000,2.00000000
1312310788,12.46988000,0.14000000
1312310788,12.47118000,1.51321000
1312310789,12.50000000,0.38100000
1312310789,12.50000000,170.83270810
1312310792,12.22001000,8.18320000
1312310792,12.19000000,9.89634477
1312310792,12.16321000,0.08000000
1312310792,12.15000000,3.29647657
1312310792,12.10388000,0.08000000
1312310792,12.09449000,0.08000000
1312310792,12.08000000,20.00000000
1312310793,12.05000000,100.00000000
1312310793,12.04591000,50.67928035
1312310793,12.02014000,8.26018998
1312310793,12.01000000,10.30952789
1312310793,12.00000000,73.30547333
1312310793,11.99920000,6.00000000
1312310793,11.99000000,0.60950408
1312310793,11.98781000,0.06027373
1312310793,11.98531000,0.08000000
1312310793,11.98027000,0.07448000
1312310793,11.95000000,0.42000000
1312310794,11.95000000,1.00000000
1312310794,11.95000000,7.24217573
1312310794,11.95000000,50.15000000
1312310794,11.93480000,0.01000000
1312310794,11.93238000,1.93313000
1312310794,11.91100000,20.00000000
1312310794,11.91000000,1.39809235
1312310794,11.91000000,3.00000000
1312310794,11.90000000,8.19111932
1312310795,11.90000000,14.46073191
1312310803,12.20000000,205.00000000
1312310803,12.26120000,0.15000000
1312310803,12.29000000,10.00615939
1312310803,12.38761000,0.10000000
1312310803,12.39800000,36.32000000
1312310804,12.40007000,4.44000000
1312310804,12.50000000,143.98384061
1312310805,12.08010000,1.60000000
1312310805,12.05010000,1.60000000
1312310805,11.99930000,3.22000000
1312310805,11.90000000,5.03926809
1312310805,11.90000000,0.50000000
1312310805,11.90000000,2.00000000
1312310805,11.90000000,0.50000000
1312310805,11.89797000,1.00000000
1312310805,11.89000000,5.00000000
1312310806,11.87682000,6.00000000
1312310806,11.87663000,0.08000000
1312310806,11.87101000,4.00000000
1312310806,11.86637000,0.15163000
1312310806,11.85000000,9.00000000
1312310806,11.85000000,49.00000000
1312310806,11.84000000,6.50000000
1312310806,11.83087000,2.98577000
1312310807,11.82000000,8.00000000
1312310807,11.82000000,49.00000000
1312310807,11.81911000,0.15000000
1312310807,11.81550000,0.01000000
1312310807,11.81416000,100.00000000
1312310807,11.81010000,0.30000000
1312310807,11.81000000,10.00000000
1312310807,11.81000000,3.00000000
1312310807,11.80000000,4.00000000
1312310808,11.80000000,5.00000000
1312310808,11.80000000,10.00000000
1312310808,11.80000000,55.70000000
1312310808,11.80000000,49.00000000
1312310809,11.80000000,6.46333191
1312310821,12.19000000,2.67000000
1312310823,12.08969000,0.10000000
1312310823,12.03574000,0.05000000
1312310861,12.19000000,7.37789139
1312310913,12.10625000,6.00000000
1312310913,12.10615000,0.10000000
1312310913,12.10000000,29.80000000
