1360635115,24.500000000000,5.264156200000
1360635157,24.500010000000,0.858243800000
1360635157,24.500010000000,0.213817870000
1360635160,24.410010000000,0.010000000000
1360635222,24.490000000000,0.659870760000
1360635222,24.531550000000,4.076383270000
1360635223,24.531550000000,7.000000000000
1360635223,24.550000000000,6.794113140000
1360635223,24.560000000000,5.000000000000
1360635223,24.560000000000,50.000000000000
1360635223,24.569670000000,28.321732830000
1360635225,24.410020000000,0.010000000000
1360635430,24.428530000000,31.920000000000
1360635447,24.570600000000,1.000000000000
1360635448,24.570660000000,0.101630220000
1360635448,24.570670000000,6.000000000000
1360635448,24.587120000000,0.123400000000
1360635448,24.587800000000,1.000000000000
1360635448,24.588900000000,1.000000000000
1360635448,24.589900000000,1.000000000000
1360635448,24.590000000000,9.188369780000
1360635656,24.570580000000,27.352000000000
1360635700,24.428540000000,4.000000000000
1360635927,24.570580000000,4.567797630000
1360635928,24.570590000000,2.501323500000
1360635933,24.570590000000,1.070678870000
1360635935,24.428530000000,0.010000000000
1360636033,24.570590000000,0.248372450000
1360636033,24.570600000000,0.599700000000
1360636034,24.570600000000,0.179650470000
1360636034,24.570600000000,0.419790000000
1360636035,24.570600000000,0.293853000000
1360636037,24.570600000000,0.205697100000
1360636061,24.570600000000,8.634689420000
1360636062,24.429520000000,14.365310580000
1360636083,24.429530000000,7.000000000000
1360636099,24.587930000000,0.043682700000
1360636100,24.587940000000,0.013400000000
1360636107,24.587940000000,6.759858230000
1360636172,24.589890000000,0.016808600000
1360636172,24.589900000000,3.000000000000
1360636174,24.589900000000,0.226086870000
1360636228,24.589900000000,0.100000000000
1360636241,24.590000000000,8.976021140000
1360636243,24.589900000000,6.100065470000
1360636243,24.430500000000,8.899934530000
1360636277,24.430510000000,22.994000000000
1360636287,24.438640000000,2.322117600000
1360636287,24.430510000000,7.677882400000
1360636289,24.430510000000,6.820000000000
1360636344,24.589990000000,19.000000000000
1360636382,24.589990000000,0.000313130000
1360636424,24.589990000000,3.971317670000
1360636425,24.590000000000,0.095377790000
1360636431,24.438660000000,4.480000000000
1360636496,24.589970000000,1.226993870000
1360636536,24.589970000000,17.750672230000
1360636537,24.590000000000,1.323369670000
1360636537,24.438720000000,0.010000000000
1360636556,24.590000000000,0.973165300000
1360636556,24.438730000000,0.010000000000
1360636570,24.590000000000,13.235050100000
1360636571,24.438730000000,0.010000000000
1360636583,24.590000000000,19.309543600000
1360636584,24.438730000000,0.010000000000
1360636596,24.590000000000,19.463306000000
1360636597,24.438730000000,0.010000000000
1360636610,24.590000000000,16.584684800000
1360636610,24.438730000000,0.010000000000
1360636620,24.590000000000,19.463306000000
1360636624,24.438730000000,0.010000000000
1360636636,24.438730000000,1.227200000000
1360636660,24.438730000000,0.040900000000
1360636683,24.590000000000,0.480300000000
1360636684,24.438730000000,0.010000000000
1360636694,24.438730000000,3.955832670000
1360636700,24.590000000000,0.000379010000
1360636700,24.438730000000,0.010000000000
1360636797,24.590000000000,0.203334690000
1360636803,24.438730000000,0.010000000000
1360636868,24.590000000000,19.463306000000
1360636869,24.438730000000,0.010000000000
1360636877,24.590000000000,15.570644800000
1360636878,24.438730000000,0.010000000000
1360636962,24.590000000000,23.782531610000
1360636963,24.590000000000,4.754325080000
1360636972,24.597790000000,0.266106220000
1360636972,24.597800000000,1.000000000000
1360637083,24.597800000000,0.873893780000
1360637083,24.590000000000,3.686106220000
1360637088,24.597900000000,0.006757480000
1360637123,24.597900000000,0.993242520000
1360637124,24.597900000000,1.000000000000
1360637124,24.598000000000,7.582698780000
1360637132,24.598000000000,10.120917100000
1360637138,24.598000000000,7.473909100000
1360637152,24.598000000000,12.845786000000
1360637163,24.598000000000,19.463306000000
1360637163,24.598000000000,2.400000000000
1360637174,24.598000000000,19.307594300000
1360637175,24.598000000000,13.020466320000
1360637175,24.598000000000,6.950000000000
1360637175,24.599900000000,3.000000000000
1360637175,24.600000000000,11.788433680000
1360637188,24.600000000000,4.671189400000
1360637194,24.600000000000,1.500000000000
1360637263,24.590020000000,0.083922740000
1360637263,24.590000000000,1.123926390000
1360637264,24.447470000000,0.010000000000
1360637289,24.447510000000,11.595000000000
1360637384,24.589750000000,5.583200000000
1360637412,24.589750000000,2.420100000000
1360637437,24.589750000000,3.849148450000
1360637437,24.589760000000,7.050306950000
1360637440,24.450010000000,0.010000000000
1360637493,24.589760000000,14.013578300000
1360637494,24.450010000000,0.010000000000
1360637503,24.588500000000,0.100000000000
1360637503,24.589760000000,11.577983600000
1360637505,24.450010000000,0.010000000000
1360637518,24.589760000000,6.033628900000
1360637519,24.450010000000,0.010000000000
1360637522,24.589760000000,11.324502250000
1360637528,24.600000000000,9.147751800000
1360637539,24.600000000000,2.724858800000
1360637550,24.600000000000,4.671189400000
1360637556,24.480010000000,0.010000000000
1360637581,24.600000000000,7.000000000000
1360637635,24.600000000000,0.436568040000
1360637635,24.600000000000,0.600000000000
1360637635,24.600000000000,1.000000000000
1360637745,24.590000000000,2.316800000000
1360637745,24.620000000000,17.146506000000
1360637793,24.620000000000,1.000000000000
1360637812,24.620000000000,0.015434600000
1360637814,24.620000000000,3.046300000000
1360637815,24.620000000000,9.342388900000
1360637820,24.620000000000,6.701868390000
1360637831,24.620000000000,2.747502110000
1360637831,24.625000000000,0.812200000000
1360637831,24.643250000000,23.670991000000
1360637831,24.643570000000,0.055870000000
1360637831,24.648000000000,100.000000000000
1360637831,24.650000000000,10.000000000000
1360637831,24.650000000000,50.000000000000
1360637831,24.650000000000,5.429800000000
1360637831,24.650000000000,5.451008970000
1360637831,24.650000000000,20.000000000000
1360637831,24.650000000000,0.811400000000
1360637832,24.657530000000,0.123400000000
1360637832,24.671020000000,2.000000000000
1360637832,24.671040000000,0.397105850000
1360637832,24.675000000000,0.810500000000
1360637832,24.679000000000,1.000000000000
1360637832,24.680000000000,0.250000000000
1360637832,24.685460000000,0.025500000000
1360637832,24.688880000000,9.900000000000
1360637832,24.695500000000,0.018070000000
1360637833,24.695850000000,59.953300000000
1360637833,24.696850000000,0.137430000000
1360637833,24.696850000000,0.035480000000
1360637833,24.697990000000,17.000000000000
1360637833,24.698000000000,5.000000000000
1360637833,24.698000000000,89.724832370000
1360637839,24.681150000000,6.617520000000
1360637862,24.681140000000,0.086762860000
1360637862,24.681150000000,9.913237140000
1360637863,24.589760000000,0.010000000000
1360637878,24.681130000000,0.011746370000
1360637878,24.698000000000,8.097821680000
1360637911,24.681150000000,9.988253630000
1360637912,24.591000000000,0.011746370000
1360637939,24.697990000000,0.055554070000
1360637939,24.698000000000,2.177345950000
1360637943,24.699990000000,0.100000000000
1360637943,24.699990000000,0.235502240000
1360637951,24.591010000000,0.010000000000
1360637970,24.591010000000,0.050000000000
1360637983,24.591010000000,1.450000000000
1360637991,24.674550000000,0.123400000000
1360637993,24.674560000000,0.262445110000
1360638000,24.688980000000,5.000000000000
1360638027,24.688980000000,28.352700000000
1360638094,24.688980000000,10.000000000000
1360638119,24.675370000000,0.123400000000
1360638119,24.688980000000,2.276600000000
1360638197,24.688980000000,0.011000000000
1360638217,24.675370000000,0.123400000000
1360638218,24.688980000000,4.876600000000
1360638234,24.648730000000,5.000000000000
1360638240,24.590010000000,0.010000000000
1360638249,24.590010000000,14.145911530000
1360638249,24.590000000000,2.400000000000
1360638251,24.590000000000,7.654640500000
1360638258,24.590000000000,5.000000000000
1360638269,24.590000000000,5.000000000000
1360638271,24.590000000000,6.228255900000
1360638306,24.590000000000,5.000000000000
1360638317,24.590000000000,5.000000000000
1360638328,24.590000000000,6.910500000000
1360638332,24.590000000000,5.000000000000
1360638344,24.590000000000,5.000000000000
1360638352,24.590000000000,5.000000000000
1360638358,24.590000000000,27.660692070000
1360638360,24.663110000000,0.010000000000
1360638394,24.663110000000,3.100000000000
1360638398,24.663110000000,0.247858440000
1360638426,24.590020000000,8.265459250000
1360638426,24.590010000000,28.544540750000
1360638427,24.663110000000,0.010000000000
1360638515,24.663100000000,2.027300000000