1359328472,17.802050000000,48.000000000000
1359328636,17.912900000000,8.574122300000
1359328739,17.802060000000,8.220000000000
1359328768,17.802060000000,13.000000000000
1359328781,17.912900000000,26.794138500000
1359328802,17.802060000000,0.000350590000
1359328814,17.802060000000,1.120000000000
1359328910,17.899990000000,7.502360800000
1359328998,17.899990000000,8.575400000000
1359329229,17.899990000000,6.430589200000
1359329287,17.899990000000,12.461698200000
1359329287,17.900000000000,0.030000000000
1359329287,17.912910000000,0.016420000000
1359329288,17.918850000000,0.062255420000
1359329288,17.922150000000,0.023030000000
1359329288,17.925000000000,1.306596380000
1359329290,17.802070000000,0.010000000000
1359329344,17.924990000000,0.054451000000
1359329344,17.925000000000,8.633403620000
1359329362,17.925000000000,5.471012700000
1359329388,17.803060000000,0.010000000000
1359329401,17.920000000000,10.987200000000
1359329402,17.920000000000,0.006298540000
1359329402,17.804070000000,10.927537550000
1359329402,17.920000000000,10.791702560000
1359329403,17.804070000000,0.010000000000
1359329403,17.804070000000,0.149362450000
1359329404,17.920000000000,0.147505580000
1359329409,17.804070000000,0.010000000000
1359329421,17.920000000000,3.215294600000
1359329428,17.804070000000,0.010000000000
1359329435,17.804070000000,0.010000000000
1359329437,17.920000000000,22.775015200000
1359329438,17.804070000000,0.010000000000
1359329446,17.920000000000,12.861188500000
1359329449,17.804070000000,0.010000000000
1359329449,17.930000000000,11.160700000000
1359329456,17.804070000000,0.010000000000
1359329460,17.930000000000,6.821848760000
1359329460,17.930100000000,2.000000000000
1359329460,17.931120000000,0.101360000000
1359329461,17.932060000000,0.072820860000
1359329461,17.932160000000,0.072090000000
1359329461,17.932920000000,0.064713090000
1359329461,17.933410000000,0.067919500000
1359329461,17.934620000000,0.060242320000
1359329461,17.937610000000,0.073839720000
1359329461,17.937650000000,0.068449320000
1359329461,17.939360000000,0.075730160000
1359329461,17.939500000000,0.074723800000
1359329463,17.940000000000,2.503622270000
1359329486,17.805070000000,0.010000000000
1359329599,17.938990000000,4.287066200000
1359329640,17.938990000000,6.802252390000
1359329640,17.939000000000,15.704819910000
1359329642,17.808110000000,0.010000000000
1359329709,17.939000000000,0.096400000000
1359329709,17.808120000000,0.010000000000
1359329722,17.939000000000,26.795441400000
1359329724,17.808120000000,0.010000000000
1359329743,17.900000000000,0.088269140000
1359329748,17.803060000000,0.010000000000
1359329968,17.900000000000,0.911730860000
1359329968,17.913870000000,0.016380000000
1359329968,17.923100000000,0.023010000000
1359329968,17.933100000000,0.030170000000
1359329968,17.939000000000,0.018709140000
1359329970,17.807100000000,0.010000000000
1359330001,17.807100000000,21.120000000000
1359330011,17.938990000000,0.088269140000
1359330011,17.939000000000,5.270578760000
1359330024,17.938990000000,11.774464440000
1359330066,17.938990000000,5.359090300000
1359330137,17.938990000000,3.986445260000
1359330138,17.939000000000,31.031684930000
1359330171,17.940000000000,1.000000000000
1359330179,17.940000000000,0.496377730000
1359330179,17.943940000000,0.037930000000
1359330179,17.944180000000,0.079566170000
1359330180,17.944520000000,0.569340000000
1359330180,17.944520000000,14.893269200000
1359330192,17.939000000000,0.300000000000
1359330214,17.939000000000,17.345969810000
1359330216,17.808110000000,0.010000000000
1359330236,17.944000000000,0.333000000000
1359330236,17.944520000000,0.667000000000
1359330301,17.890010000000,14.000000000000
1359330335,17.944500000000,0.333000000000
1359330336,17.944520000000,4.439730800000
1359330336,17.947060000000,0.081954420000
1359330336,17.949970000000,2.000000000000
1359330337,17.950000000000,0.540494380000
1359330352,17.890010000000,4.463165280000
1359330352,17.890000000000,1.000000000000
1359330354,17.808110000000,0.010000000000
1359330390,17.949980000000,1.000000000000
1359330391,17.811130000000,0.010000000000
1359330510,17.808110000000,0.010000000000
1359330585,17.808110000000,69.417868380000
1359330585,17.808100000000,6.002131620000
1359330635,17.808110000000,2.570000000000
1359330709,17.899990000000,21.435310800000
1359330732,17.899990000000,11.789416900000
1359330738,17.899990000000,23.042958100000
1359330775,17.899990000000,2.000000000000
1359330814,17.899990000000,0.145476050000
1359330869,17.808110000000,32.378320320000
1359330869,17.808100000000,13.781868380000
1359330869,17.808100000000,4.839811300000
1359330953,17.808100000000,0.004294090000
1359330987,17.899990000000,0.004751950000
1359330994,17.808100000000,0.004723440000
1359330998,17.899990000000,28.364887130000
1359330998,17.900000000000,0.864532180000
1359330998,17.900000000000,55.000000000000
1359330998,17.919670000000,0.016940000000
1359330998,17.928970000000,0.023730000000
1359330998,17.938990000000,2.557150000000
1359330998,17.938990000000,8.172860690000
1359331000,17.808110000000,0.010000000000
1359331053,17.910060000000,0.019217570000
1359331053,17.938990000000,24.043568030000
1359331053,17.939040000000,0.031080000000
1359331053,17.949500000000,0.333000000000
1359331053,17.949940000000,2.573134400000
1359331055,17.808110000000,0.010000000000
1359331085,17.900000000000,1.000000000000
1359331086,17.919670000000,0.016940000000
1359331086,17.928970000000,0.023730000000
1359331086,17.939040000000,0.031080000000
1359331086,17.949940000000,2.426865600000
1359331086,17.949950000000,0.333000000000
1359331086,17.950000000000,22.962341100000
1359331088,17.811140000000,0.010000000000
1359331098,17.949990000000,0.087528480000
1359331098,17.950000000000,7.414781820000
1359331100,17.812150000000,0.010000000000
1359331166,17.950000000000,18.219895000000
1359331170,17.818210000000,0.010000000000
1359331179,17.950000000000,2.146000000000
1359331179,17.818210000000,0.010000000000
1359331205,17.818210000000,4.000000000000
1359331248,17.950000000000,13.932859100000
1359331252,17.818210000000,0.010000000000
1359331271,17.899990000000,0.005613410000
1359331321,17.818220000000,0.000090230000
1359331357,17.899990000000,0.000089380000
1359331368,17.899990000000,3.870172600000
1359331368,17.900000000000,20.000000000000
1359331369,17.950000000000,2.923784100000
1359331371,17.808110000000,0.010000000000
1359331381,17.949990000000,0.105176140000
1359331381,17.950000000000,5.253611160000
1359331383,17.810110000000,0.010000000000
1359331393,17.949990000000,0.011833900000
1359331393,17.950000000000,1.663207980000
1359331394,17.811130000000,0.010000000000
1359331480,17.950000000000,23.310739400000
1359331481,17.818200000000,0.010000000000
1359331488,17.950000000000,1.632285960000
1359331488,17.950000000000,7.745594340000
1359331489,17.818200000000,0.010000000000
1359331573,17.950000000000,3.215274400000
1359331576,17.818200000000,0.010000000000
1359331618,17.850000000000,0.182811210000
1359331624,17.809110000000,0.010000000000
1359331731,17.924380000000,0.120963980000
1359331731,17.924390000000,0.019670000000
1359331731,17.934000000000,0.026710000000
1359331731,17.944410000000,0.034330000000
1359331731,17.950000000000,0.181231260000
1359331732,17.950000000000,2.084817660000
1359331736,17.814170000000,0.010000000000
1359331768,17.817200000000,55.930000000000
1359331855,17.949990000000,2.574904100000
1359331960,17.818210000000,1.000000000000
1359332000,17.939990000000,54.368251150000
1359332000,17.940000000000,12.643748850000
1359332006,17.819020000000,0.010000000000
1359332120,17.820010000000,6.230251350000
1359332207,17.900010000000,0.300000000000
1359332243,17.939990000000,6.101775790000
1359332243,17.940000000000,4.621172010000
1359332456,17.900010000000,7.662511430000
1359332459,17.900000000000,5.284873010000
1359332552,17.900010000000,42.119293690000
1359332552,17.935610000000,0.020060000000
1359332552,17.938000000000,13.084525030000
1359332563,17.900010000000,0.003154150000
1359332571,17.900010000000,0.496422730000
1359332643,17.937990000000,7.960997760000
1359332643,17.938000000000,18.846361640000
1359332655,17.937970000000,0.499547210000
1359332655,17.938000000000,6.470361790000
1359332656,17.900020000000,0.010000000000
1359332702,17.900010000000,9.067423900000
1359332702,17.900000000000,0.027900000000
1359332703,17.900000000000,9.310000000000
1359332704,17.821010000000,0.010000000000
1359332723,17.821010000000,35.000000000000
1359332766,17.900000000000,10.722947800000
1359332767,17.821010000000,0.010000000000
1359332803,17.900000000000,5.871728300000
1359332804,17.900010000000,4.128271700000
1359332809,17.820010000000,0.010000000000
1359332910,17.820000000000,0.500000000000
1359332910,17.808100000000,0.924477480000
1359332910,17.800000000000,1.000000000000
1359332910,17.800000000000,5.393800000000
1359332910,17.779290000000,0.045405870000
1359332911,17.776070000000,0.034110940000
1359332911,17.775040000000,59.922600000000
1359332911,17.774040000000,0.041269890000
1359332911,17.771240000000,0.054932650000
1359332911,17.770050000000,0.037499310000
1359332911,17.761960000000,0.049864250000
1359332911,17.761000000000,50.000000000000
1359332911,17.760000000000,0.936855910000
1359332911,17.759990000000,20.844729070000
1359332911,17.759990000000,0.045253400000
1359332911,17.750000000000,26.836001230000
1359332919,17.879990000000,2.000000000000
1359332927,17.775050000000,0.010000000000
1359332957,17.879970000000,38.033998310000
1359332957,17.880000000000,1.966001690000
1359332958,17.775050000000,0.010000000000
1359332985,17.775060000000,2.700400000000
1359333023,17.880000000000,26.807359400000
1359333024,17.775060000000,0.010000000000
1359333093,17.880000000000,5.361473900000
1359333094,17.775060000000,0.010000000000
1359333105,17.880000000000,15.715165010000
1359333106,17.881990000000,0.500000000000
1359333106,17.931060000000,1.477691790000
1359333107,17.775060000000,0.010000000000
1359333132,17.932050000000,2.832111250000
1359333132,17.932060000000,0.017878510000
1359333132,17.933410000000,0.013432390000
1359333132,17.935610000000,0.020060000000
1359333133,17.937000000000,9.984049150000
1359333149,17.778090000000,0.010000000000
1359333156,17.778090000000,0.010000000000
1359333246,17.788190000000,0.200000000000
1359333284,17.937580000000,0.176832300000
1359333339,17.937600000000,0.200000000000
1359333342,17.937590000000,4.979800000000
1359333366,17.937590000000,2.000000000000
1359333406,17.937590000000,1.000000000000
1359333421,17.937590000000,19.160267700000
1359333421,17.776060000000,60.003100000000
1359333422,17.775610000000,30.390728640000
1359333422,17.775060000000,0.280864590000
1359333422,17.770050000000,0.037520770000
1359333422,17.762500000000,50.000000000000
1359333422,17.761960000000,0.049941330000
1359333422,17.758940000000,40.077576970000
1359333431,17.922090000000,13.124836440000
1359333518,17.916030000000,21.437542900000
1359333552,17.916030000000,5.473508750000
1359333552,17.916030000000,7.401001650000
1359333579,17.784700000000,0.010000000000
1359333589,17.784710000000,0.940000000000
1359333622,17.916020000000,13.735596000000
1359333627,17.784710000000,0.010000000000
1359333670,17.916010000000,0.896984930000
1359333670,17.916020000000,13.949404000000
1359333701,17.916020000000,8.474111070000
1359333702,17.801010000000,0.010000000000
1359333730,17.916030000000,100.371500000000
1359333730,17.801010000000,0.010000000000
1359333748,17.916030000000,5.358888100000
1359333749,17.801010000000,0.010000000000
1359333790,17.916030000000,26.807359400000
1359333791,17.801010000000,0.010000000000
1359333814,17.916030000000,5.361473900000
1359333814,17.801010000000,0.010000000000
1359333833,17.916030000000,35.097000000000
1359333834,17.801010000000,0.010000000000
1359333910,17.916030000000,4.287742900000
1359333912,17.801010000000,0.010000000000
1359333974,17.916030000000,16.744800000000
1359333974,17.801010000000,0.010000000000
1359334003,17.916030000000,6.967202200000
1359334004,17.801010000000,0.010000000000
1359334176,17.910000000000,0.053046110000
1359334181,17.820010000000,0.010000000000
1359334222,17.910000000000,0.946953890000
1359334222,17.914400000000,8.699939910000
1359334223,17.820010000000,0.010000000000
1359334274,17.914400000000,2.143755300000
1359334275,17.850010000000,0.010000000000
1359334292,17.914400000000,14.156304790000
1359334292,17.914450000000,0.018720000000
1359334293,17.916030000000,12.410215410000
1359334293,17.850010000000,0.010000000000
1359334410,17.916030000000,22.059816440000
1359334411,17.923900000000,0.025610000000
1359334411,17.930000000000,4.711509760000
1359334412,17.875010000000,0.010000000000
1359334514,17.930000000000,4.768372000000
1359334515,17.890010000000,0.010000000000
1359334540,17.890010000000,6.502000000000
1359334555,17.930000000000,11.780368090000
1359334556,17.890010000000,0.010000000000
1359334622,17.899990000000,6.422306550000
1359334622,17.900000000000,17.158991650000
1359334715,17.900000000000,13.409200000000
1359334740,17.875010000000,1.881871220000
1359334740,17.875000000000,21.484755240000
1359334740,17.875000000000,0.930968410000
1359334775,17.875000000000,2.143634100000
1359334885,17.875000000000,5.894996300000
1359334930,17.810010000000,0.010000000000
1359334965,17.875000000000,12.490700000000
1359334966,17.810010000000,0.010000000000
1359335011,17.875000000000,1.675041880000
1359335015,17.810010000000,0.010000000000
1359335112,17.875000000000,0.028000000000
1359335113,17.810010000000,0.010000000000
1359335171,17.875000000000,7.470032850000
1359335246,17.899990000000,1.881871220000
1359335248,17.900000000000,6.156759180000
1359335264,17.900000000000,7.240800000000
1359335266,17.900000000000,22.327575100000
1359335272,17.875020000000,2.053444340000
1359335272,17.875010000000,4.069553430000
1359335320,17.875020000000,0.300000000000
1359335368,17.899990000000,0.061200000000
1359335388,17.899990000000,0.000029050000
1359335646,17.899990000000,1.992215290000
1359335646,17.930000000000,8.007784710000
1359335649,17.875020000000,0.010000000000
1359335755,17.919990000000,0.319787720000
1359335755,17.920000000000,1.823212280000
1359335756,17.875020000000,0.010000000000
1359335778,17.900000000000,0.013684740000
1359335782,17.900000000000,0.000081000000
1359335783,17.875020000000,0.010000000000
1359335785,17.900000000000,26.793956700000
1359335788,17.875020000000,0.010000000000
1359335794,17.875020000000,3.921426390000
1359335794,17.875010000000,1.078573610000
1359335831,17.899990000000,3.915323410000
1359335831,17.900000000000,1.443463890000
1359335875,17.900000000000,5.646813670000
1359335892,17.919990000000,0.019787720000
1359335892,17.920000000000,8.176787720000
1359335892,17.930000000000,0.731965440000
1359335893,17.932060000000,0.017889260000
1359335893,17.933410000000,0.013433280000
1359335893,17.934150000000,0.033080000000
1359335893,17.937610000000,0.012192650000
1359335893,17.938000000000,4.582751540000
1359335893,17.939500000000,0.014767730000
1359335893,17.939950000000,12.979625560000
1359335895,17.875030000000,0.010000000000
1359336063,17.939940000000,0.021445550000
1359336063,17.939940000000,10.000000000000
1359336064,17.939950000000,4.164825980000
1359336066,17.875040000000,0.010000000000
1359336072,17.811010000000,0.010000000000
1359336221,17.939940000000,0.122567560000
1359336221,17.939950000000,1.377432440000
1359336222,17.811010000000,0.010000000000
1359336236,17.811020000000,30.000000000000
1359336417,17.939950000000,4.822911600000
1359336418,17.811020000000,0.010000000000
1359336450,17.939940000000,11.521403300000
1359336529,17.939930000000,24.918376600000
1359336577,17.939890000000,5.358787300000
1359336646,17.810010000000,0.010000000000
1359336693,17.810010000000,28.549000000000
1359336797,17.899990000000,10.000000000000
1359336832,17.899960000000,1.000000000000
1359336890,17.810030000000,0.780153090000
1359336908,17.810030000000,0.219846910000
1359336909,17.880000000000,2.175175520000
1359336909,17.938900000000,1.604977570000
1359336911,17.810010000000,0.010000000000
1359336919,17.929990000000,19.706423100000
1359336920,17.810010000000,0.010000000000
1359337025,17.929990000000,10.940429740000
1359337025,17.930000000000,15.853526960000
1359337026,17.810010000000,0.010000000000
1359337031,17.810020000000,41.170000000000
1359337094,17.930000000000,8.038186000000
1359337095,17.810020000000,0.010000000000
1359337289,17.925240000000,0.022220000000
1359337289,17.929000000000,0.500000000000
1359337289,17.930000000000,6.108287040000
1359337289,17.934840000000,0.030210000000
1359337290,17.810020000000,0.010000000000
1359337366,17.937980000000,26.793956700000
1359337408,17.810030000000,16.000000000000
1359337426,17.937970000000,8.411200000000
1359337527,17.870000000000,2.000000000000
1359337610,17.870000000000,2.631595900000
1359337707,17.909990000000,0.083992780000
1359337723,17.909990000000,13.396973300000
1359337808,17.909990000000,7.236438710000
1359338033,17.909990000000,1.121243840000
1359338033,17.910000000000,10.000000000000
1359338033,17.938000000000,1.739853760000
1359338038,17.870010000000,0.010000000000
1359338085,17.937860000000,0.029414230000
1359338085,17.937870000000,0.250000000000
1359338085,17.938000000000,15.796957770000
1359338086,17.870010000000,0.010000000000
1359338274,17.870020000000,4.840000000000
1359338302,17.939900000000,0.050000000000
1359338303,17.939950000000,1.505204420000
1359338303,17.940000000000,1.000000000000
1359338303,17.944180000000,0.019655850000
1359338303,17.945240000000,0.041150000000
1359338303,17.947060000000,0.016215290000
1359338303,17.950000000000,18.802943840000
1359338304,17.870020000000,0.010000000000
1359338490,17.949890000000,4.857378060000
1359338490,17.949900000000,0.050000000000
1359338490,17.950000000000,19.112238500000
1359338491,17.950000000000,2.774340140000
1359338491,17.870030000000,0.010000000000
1359338504,17.950000000000,10.717584700000
1359338504,17.950000000000,26.793956700000
1359338504,17.870040000000,0.010000000000
1359338518,17.870040000000,0.137714540000
1359338535,17.950000000000,10.473500000000
1359338536,17.870040000000,0.010000000000
1359338582,17.950000000000,0.031792200000
1359338583,17.870040000000,0.010000000000
1359338602,17.950000000000,16.773019500000
1359338603,17.870040000000,0.010000000000
1359338618,17.950000000000,26.793956700000
1359338619,17.870040000000,0.010000000000
1359338627,17.950000000000,1.684446940000
1359338628,17.870040000000,0.010000000000
1359338696,17.950000000000,3.957403120000
1359338696,17.950930000000,0.079617300000
1359338696,17.950980000000,0.117127930000
1359338696,17.953100000000,0.071028400000
1359338696,17.954060000000,0.026889720000
1359338696,17.954740000000,0.026180000000
1359338696,17.955630000000,0.087264520000
1359338696,17.955680000000,0.084900000000
1359338696,17.956390000000,0.024440470000
1359338697,17.956530000000,0.040450000000
1359338697,17.958340000000,0.071942800000
1359338697,17.959540000000,0.035799940000
1359338697,17.960000000000,5.103900000000
1359338697,17.962220000000,0.029575710000
1359338697,17.962240000000,0.117245520000
1359338697,17.969800000000,1.379694970000
1359338698,17.870040000000,0.010000000000
1359338750,17.870010000000,1.841505950000
1359338762,17.949980000000,0.137823890000
1359338763,17.949980000000,0.006540190000
1359338764,17.949980000000,1.778954090000
1359338773,17.949980000000,1.675760600000
1359338780,17.949980000000,13.516921230000
1359338789,17.871010000000,1.524936010000
1359338800,17.871010000000,1.387686860000
1359338812,17.871010000000,1.262790540000
1359338823,17.871010000000,1.149134490000
1359338919,17.947990000000,5.382547510000
1359338919,17.948000000000,13.909098890000
1359338920,17.871020000000,0.010000000000
1359338962,17.871040000000,0.500000000000
1359338974,17.948000000000,16.090901110000
1359338974,17.949000000000,5.344268290000
1359338975,17.871040000000,0.010000000000
1359339058,17.949000000000,5.867895270000
1359339061,17.871040000000,0.010000000000
1359339126,17.870000000000,0.010000000000
1359339143,17.899970000000,0.432001010000
1359339143,17.899980000000,2.175175520000
1359339143,17.930000000000,2.175175520000
1359339143,17.949000000000,2.344844250000
1359339152,17.870020000000,0.010000000000
1359339170,17.948990000000,0.061058290000
1359339170,17.949000000000,19.230588110000
1359339171,17.870020000000,0.010000000000
1359339176,17.949000000000,11.789336100000
1359339177,17.870020000000,0.010000000000
1359339203,17.949000000000,5.358787300000
1359339204,17.870020000000,0.010000000000
1359339207,17.949000000000,0.185000000000
1359339209,17.870020000000,0.010000000000
1359339228,17.870020000000,8.346400000000
1359339251,17.949000000000,17.389359450000
1359339251,17.949990000000,36.105704230000
1359339252,17.870020000000,0.010000000000
1359339258,17.949010000000,8.259800000000
1359339263,17.870010000000,0.010000000000
1359339330,17.949960000000,0.088108810000
1359339330,17.949970000000,22.926734360000
1359339330,17.949990000000,48.123551040000
1359339331,17.870010000000,0.010000000000
1359339383,17.949990000000,2.679398700000
1359339385,17.870060000000,0.010000000000
1359339432,17.870100000000,0.062567080000
1359339488,17.870000000000,1.506895480000
1359339492,17.870100000000,0.982896980000
1359339525,17.949980000000,0.062441240000
1359339526,17.949990000000,0.400341130000
1359339526,17.969800000000,2.620305030000
1359339526,17.969990000000,0.200000000000
1359339526,17.970000000000,9.990000000000
1359339526,17.970000000000,3.997112600000
1359339528,17.870120000000,0.010000000000
1359339585,17.870120000000,0.951308890000
1359339633,17.969990000000,0.035181740000
1359339636,17.970000000000,6.002887400000
1359339636,17.970240000000,0.079994550000
1359339636,17.972060000000,0.032516840000
1359339636,17.974430000000,0.039361750000
1359339636,17.974730000000,0.040209890000
1359339637,17.975190000000,0.036480730000
1359339637,17.976840000000,0.041380000000
1359339638,17.977000000000,1.000000000000
1359339638,17.977290000000,14.944804250000
1359339661,17.977280000000,0.966079480000
1359339663,17.977290000000,0.741484350000
1359339663,17.979770000000,1.000000000000
1359339663,17.980000000000,3.790000000000
1359339663,17.980000000000,1.370331440000
1359339670,17.870130000000,0.010000000000
1359339826,17.977800000000,6.966424500000
1359339827,17.870130000000,0.010000000000
1359339833,17.977800000000,0.246647690000
1359339833,17.979000000000,10.321253680000
1359339834,17.870130000000,0.010000000000
1359339847,17.979000000000,12.678746320000
1359339847,17.980000000000,3.629668560000
1359339847,17.980000000000,4.000000000000
1359339847,17.980000000000,2.691585120000
1359339848,17.870130000000,0.010000000000
1359339864,17.870130000000,66.220000000000
1359339868,17.980000000000,1.359855960000
1359339868,17.980000000000,4.051441080000
1359339868,17.980000000000,4.051441080000
1359339868,17.980000000000,4.051441080000
1359339868,17.980000000000,4.051441080000
1359339868,17.980000000000,4.051441080000
1359339869,17.980010000000,5.082038640000
1359339916,17.870120000000,2.000000000000
1359339985,17.980000000000,61.143738910000
1359339986,17.980000000000,1.873625960000
1359339993,17.980000000000,11.000000000000
1359340000,17.980000000000,52.040000000000
1359340003,17.980000000000,23.230000000000
1359340016,17.980000000000,11.000000000000
1359340038,17.980000000000,11.000000000000
1359340051,17.980000000000,28.000000000000
1359340062,17.980000000000,0.712635130000
1359340063,17.870120000000,0.010000000000
1359340176,17.900010000000,40.036612480000
1359340176,17.900000000000,15.829387520000
1359340191,17.900000000000,2.000000000000
1359340230,17.900000000000,2.170612480000
1359340300,17.870120000000,1.000000000000
1359340304,17.900000000000,2.017016890000
1359340440,17.870120000000,0.030000000000
1359340489,17.900000000000,3.982983110000
1359340489,17.976900000000,1.107871390000
1359340510,17.975990000000,0.800000000000
1359340526,17.975990000000,15.648600000000
1359340554,17.870120000000,0.010000000000
1359340642,17.870140000000,1.000000000000
1359340668,17.870140000000,0.873367400000
1359340719,17.870140000000,0.059951070000
1359340760,17.975860000000,13.396973300000
1359340761,17.870140000000,0.010000000000
1359340763,17.975860000000,2.282632370000
1359340766,17.870140000000,0.010000000000
1359340858,17.975860000000,9.056002970000
1359340858,17.975900000000,0.115935550000
1359340859,17.870140000000,0.010000000000
1359340864,17.870120000000,0.010000000000
1359340878,17.975890000000,1.933443030000
1359340878,17.975900000000,0.134064450000
1359340878,17.976900000000,0.250000000000
1359340878,17.977900000000,8.393900000000
1359340878,17.981150000000,0.006177220000
1359340882,17.870120000000,0.010000000000
1359340917,17.981140000000,0.011117860000
1359340917,17.981150000000,0.092562780000
1359340917,17.981600000000,0.095482510000
1359340917,17.981750000000,0.141285750000
1359340917,17.981990000000,0.500000000000
1359340917,17.983890000000,0.155869980000
1359340917,17.984970000000,0.044060030000
1359340917,17.985000000000,1.979000000000
1359340917,17.985000000000,0.999714090000
1359340920,17.870140000000,0.010000000000
1359340940,17.985000000000,5.004200000000
1359340941,17.870140000000,0.010000000000
1359340954,17.985000000000,8.466890600000
1359340955,17.870140000000,0.010000000000
1359341002,17.985000000000,1.420000000000
1359341003,17.870140000000,0.010000000000
1359341011,17.985000000000,4.554968700000
1359341012,17.870140000000,0.010000000000
1359341034,17.984700000000,0.050000000000
1359341034,17.985000000000,41.554226610000
1359341034,17.985800000000,0.127640200000
1359341034,17.987060000000,0.053387530000
1359341034,17.988920000000,0.107977850000
1359341034,17.989930000000,0.100216650000
1359341034,17.989970000000,14.000000000000
1359341034,17.989990000000,0.200000000000
1359341034,17.990000000000,1.139759740000
1359341034,17.990000000000,0.015011110000
1359341035,17.870140000000,0.010000000000
1359341052,17.989990000000,0.019950510000
1359341052,17.990000000000,0.984988890000
1359341052,17.990000000000,2.000000000000
1359341052,17.990000000000,1.000000000000
1359341052,17.990000000000,0.400000000000
1359341052,17.990000000000,3.060000000000
1359341052,17.990000000000,0.180000000000
1359341053,17.990000000000,17.924860600000
1359341053,17.870140000000,0.010000000000
1359341160,17.989000000000,0.050000000000
1359341160,17.990000000000,9.342865480000
1359341161,17.870150000000,0.010000000000
1359341225,17.990000000000,10.717584700000
1359341226,17.870150000000,0.010000000000
1359341238,17.990000000000,1.071761500000
1359341239,17.870150000000,0.010000000000
1359341243,17.990000000000,6.216196500000
1359341244,17.870150000000,0.010000000000
1359341346,17.970140000000,0.042748370000
1359341352,17.870010000000,0.010000000000
1359341368,17.970140000000,0.957251630000
1359341368,17.990000000000,9.760333070000
1359341369,17.870010000000,0.010000000000
1359341403,17.989990000000,0.043055540000
1359341404,17.990000000000,26.750901160000
1359341406,17.870010000000,0.010000000000
1359341470,17.990000000000,18.215496990000
1359341470,17.991000000000,48.945273990000
1359341471,17.870010000000,0.010000000000
1359341504,17.991000000000,1.054726010000
1359341514,17.991010000000,5.135573990000
1359341515,17.871010000000,0.010000000000
1359341519,17.871010000000,5.135573990000
1359341523,17.871010000000,5.135573990000
1359341570,17.991200000000,0.000103380000
1359341571,17.871010000000,0.010000000000
1359341572,17.991200000000,0.104827610000
1359341572,17.994010000000,0.048453020000
1359341572,17.994970000000,0.094924060000
1359341573,17.995280000000,0.144217480000
1359341573,17.995430000000,0.053299470000
1359341573,17.996310000000,0.104220910000
1359341573,17.997000000000,6.315515710000
1359341573,17.997000000000,0.500000000000
1359341573,17.997000000000,2.750000000000
1359341573,17.997100000000,0.048364090000
1359341573,17.997900000000,10.000000000000
1359341573,17.998000000000,18.730083340000
1359341576,17.871010000000,0.010000000000
1359341586,17.997990000000,0.016900780000
1359341586,17.998000000000,19.274745620000
1359341743,17.997990000000,10.271122950000
1359341744,17.998000000000,4.197611850000
1359341746,17.871020000000,0.010000000000
1359341884,17.998000000000,3.215274400000
1359341885,17.871030000000,0.010000000000
1359341962,17.998000000000,26.793956700000
1359341963,17.871030000000,0.010000000000
1359341968,17.998000000000,2.679398700000
1359341969,17.871030000000,0.010000000000
1359342006,17.930000000000,0.123742940000
1359342015,17.871010000000,0.010000000000
1359342061,17.994970000000,0.116352080000
1359342061,17.997980000000,19.820000000000
1359342061,17.998000000000,48.079079000000
1359342063,17.871020000000,0.010000000000
1359342066,17.950000000000,0.089342320000
1359342071,17.871010000000,0.010000000000
1359342107,17.871010000000,20.000000000000
1359342242,17.950000000000,0.910657680000
1359342242,17.988370000000,0.030530000000
1359342242,17.998000000000,0.615360500000
1359342242,17.998150000000,0.043060000000
1359342242,17.998980000000,0.084838760000
1359342243,17.871010000000,0.010000000000
1359342322,17.998970000000,0.099203050000
1359342323,17.998980000000,15.977168950000
1359342391,17.998990000000,20.000050090000
1359342391,17.999000000000,6.793906610000
1359342393,17.871020000000,0.010000000000
1359342428,17.999000000000,1.600100000000
1359342429,17.900010000000,0.010000000000
1359342499,17.999000000000,13.182631100000
1359342499,17.900010000000,0.500000000000
1359342500,17.900010000000,0.010000000000
1359342560,17.998000000000,0.050000000000
1359342560,17.999000000000,0.950000000000
1359342564,17.900010000000,0.010000000000
1359342602,17.999000000000,2.143512900000
1359342604,17.900010000000,0.010000000000
1359342610,17.999000000000,2.750000000000
1359342612,17.900010000000,0.010000000000
1359342779,17.900010000000,1.000000000000
1359342916,17.900010000000,6.000000000000
1359342964,17.999000000000,10.829849390000
1359342966,17.999010000000,6.170150610000
1359342970,17.900010000000,0.010000000000
1359343045,17.999790000000,1.248104550000
1359343058,17.999800000000,1.000000000000
1359343090,17.911010000000,0.010000000000
1359343110,17.990000000000,0.017765150000
1359343115,17.900010000000,0.010000000000
1359343135,17.989990000000,0.018221260000
1359343135,17.990000000000,39.981778740000
1359343138,17.900010000000,0.010000000000
1359343307,17.980000000000,0.016611660000
1359343312,17.900010000000,0.010000000000
1359343436,17.900010000000,2.335601800000
1359343439,17.900010000000,16.000000000000
1359343444,17.900010000000,0.915012560000
1359343487,17.980000000000,55.617300000000
1359343487,17.900010000000,0.010000000000
1359343488,17.900010000000,5.558000000000
1359343623,17.900000000000,0.960235120000
1359343692,17.949990000000,5.571000000000
1359343785,17.949990000000,19.199598720000
1359343785,17.950000000000,2.193201280000
1359343854,17.950000000000,0.076798720000
1359343854,17.980000000000,47.154441280000
1359343855,17.900010000000,0.010000000000
1359343947,17.900010000000,15.699503530000
1359343947,17.900000000000,33.300496470000
1359344059,17.900000000000,1.560000000000
1359344165,17.900000000000,2.000000000000
1359344380,17.900000000000,4.000000000000
1359344430,17.949990000000,5.358787300000
1359344433,17.949990000000,0.004952640000
1359344462,17.949990000000,3.215274400000
1359344474,17.949990000000,7.120498970000
1359344474,17.950000000000,10.000000000000
1359344474,17.950000000000,8.904000000000
1359344474,17.970000000000,3.370000000000
1359344474,17.980000000000,17.836741030000
1359344477,17.900010000000,0.010000000000
1359344485,17.900010000000,14.000000000000
1359344489,17.950000000000,5.571035650000
1359344490,17.900010000000,0.010000000000
1359344633,17.900010000000,0.010000000000
1359345029,17.950000000000,5.571064350000
1359345029,17.980000000000,10.289176300000
1359345030,17.900010000000,0.010000000000
1359345071,17.900010000000,1.669732330000
1359345071,17.900000000000,8.330267670000
1359345093,17.979990000000,7.699114400000
1359345127,17.979990000000,8.018639460000
1359345127,17.980000000000,1.592560540000
1359345128,17.900010000000,0.010000000000
1359345210,17.980000000000,4.394207000000
1359345272,17.980000000000,6.117900000000
1359345281,17.930020000000,15.653367800000
1359345281,17.930010000000,4.346632200000
1359345367,17.930010000000,11.503308690000
1359345367,17.930000000000,0.928246030000
1359345462,17.900010000000,0.331000000000
1359345463,17.900010000000,0.200000000000
1359345628,17.930000000000,0.010000000000
1359345638,17.900010000000,1.628995970000
1359345685,17.900010000000,0.010000000000
1359345792,17.930000000000,19.291646400000
1359345864,17.930000000000,1.675977650000
1359345869,17.900010000000,0.506980000000
1359345887,17.930000000000,26.582280900000
1359345986,17.930000000000,2.788677630000
1359345986,17.900010000000,6.536268460000
1359345986,17.900000000000,23.463731540000
1359346011,17.900000000000,0.425912670000
1359346105,17.929990000000,1.396648040000
1359346136,17.900000000000,3.194900000000
1359346160,17.900000000000,0.300000000000
1359346163,17.929990000000,16.076372000000
1359346166,17.929990000000,1.396648040000
1359346248,17.900000000000,0.506940000000
1359346300,17.929990000000,1.952000000000
1359346307,17.900000000000,38.479166480000
1359346307,17.900000000000,1.000000000000
1359346307,17.900000000000,60.520833520000
1359346311,17.900000000000,2.000000000000
1359346358,17.900000000000,42.520000000000
1359346363,17.900000000000,6.502000000000
1359346388,17.900010000000,4.004239600000
1359346388,17.900000000000,95.995760400000
1359346505,17.900000000000,1.000000000000
1359346595,17.900000000000,27.679188820000
1359346595,17.899990000000,0.000156420000
1359346597,17.871010000000,0.010000000000
1359346640,17.899990000000,102.320654760000
1359346640,17.900000000000,0.153090000000
1359346640,17.930000000000,40.991219180000
1359346642,17.900000000000,0.010000000000
1359346696,17.871010000000,0.010000000000
1359346712,17.919990000000,5.000000000000
1359346713,17.871010000000,0.010000000000
1359346882,17.919990000000,2.976779400000
1359346882,17.920000000000,1.000000000000
1359346892,17.930000000000,26.526013800000
1359346893,17.920010000000,0.626330550000
1359346895,17.920000000000,3.891719450000
1359346950,17.920000000000,0.502001150000
1359346952,17.871010000000,0.010000000000
1359346959,17.929990000000,0.660379880000
1359346959,17.930000000000,11.664842020000
1359346960,17.871010000000,0.010000000000
1359346984,17.900000000000,0.025825990000
1359346989,17.871010000000,0.010000000000
1359347005,17.871010000000,0.100100000000
1359347054,17.871010000000,5.203365440000
1359347054,17.871000000000,0.285185910000
1359347219,17.928990000000,5.328146810000
1359347219,17.929000000000,20.000000000000
1359347219,17.930000000000,1.465809890000
1359347222,17.871010000000,0.010000000000
1359347448,17.930000000000,17.752701200000
1359347450,17.871010000000,0.010000000000
1359347598,17.930000000000,26.770800000000
1359347599,17.881010000000,0.010000000000
1359347762,17.930000000000,8.000000000000
1359347764,17.881010000000,0.010000000000
1359347805,17.930000000000,4.048476610000
1359347862,17.872010000000,0.010000000000
1359347881,17.872010000000,6.036949960000
1359348051,17.949990000000,0.026604070000
1359348051,17.950000000000,1.000000000000
1359348052,17.970000000000,16.726097130000
1359348134,17.969990000000,2.782400000000
1359348239,17.969990000000,3.272093250000
1359348239,17.970000000000,0.211124050000
1359348241,17.881210000000,0.010000000000
1359348364,17.900000000000,0.073601350000
1359348473,17.881210000000,2.230533060000
1359348473,17.881200000000,9.769466940000
1359348667,17.899990000000,2.227082340000
1359348667,17.900000000000,1.926398650000
1359348667,17.900000000000,5.898001840000
1359348710,17.900000000000,5.027900000000
1359348714,17.900000000000,20.111700000000
1359348736,17.881210000000,2.227084010000
1359348736,17.881200000000,2.772915990000
1359349193,17.881200000000,6.460000000000
1359349272,17.899990000000,2.227084010000
1359349272,17.900000000000,15.623180450000
1359349274,17.881210000000,0.010000000000
1359349478,17.900000000000,1.677852350000
1359349479,17.881210000000,0.010000000000
1359349582,17.900000000000,6.974456980000
1359349584,17.881210000000,0.010000000000
1359349657,17.881210000000,2.197085670000
1359349657,17.881200000000,11.502914330000
1359349657,17.881200000000,4.280000000000
1359349702,17.881210000000,0.030000000000
1359349702,17.881200000000,0.053000000000
1359349808,17.898990000000,2.227085670000
1359349808,17.899000000000,0.200000000000
1359349808,17.900000000000,49.893615230000
1359349809,17.920000000000,1.982000000000
1359349809,17.933850000000,4.608689010000
1359349809,17.969000000000,25.000000000000
1359349809,17.970000000000,16.652910090000
1359349814,17.881210000000,0.010000000000
1359349853,17.969990000000,0.077069520000
1359349853,17.970000000000,7.750861420000
1359349857,17.881210000000,0.010000000000
1359349971,17.970000000000,0.010000000000
1359349972,17.881210000000,0.010000000000
1359350045,17.970000000000,26.258081000000
1359350047,17.881210000000,0.010000000000
1359350141,17.969990000000,0.300000000000
1359350141,17.970000000000,282.390926310000
1359350215,17.980750000000,0.023500000000
1359350215,17.989900000000,0.200000000000
1359350216,17.989900000000,7.000000000000
1359350216,17.999800000000,1.643344200000
1359350216,17.999880000000,1.538624140000
1359350220,17.999800000000,3.000000000000
1359350220,17.999880000000,22.722195200000
1359350309,17.970000000000,0.680000000000
1359350354,17.970000000000,4.510000000000
1359350361,17.970000000000,0.027879400000
1359350404,17.999880000000,5.626730200000
1359350458,17.970000000000,2.780000000000
1359350474,17.999880000000,26.669600000000
1359350494,17.999880000000,0.000022220000
1359350570,17.970000000000,0.618648150000
1359350589,17.970000000000,10.000000000000
1359350644,17.970000000000,1.684485760000
1359350645,17.970000000000,110.660010000000
1359350691,17.990000000000,16.076372000000
1359350692,17.970000000000,2.200000000000
1359350700,17.970000000000,3.420000000000
1359350779,17.990000000000,8.923628000000
1359350780,17.999880000000,78.569018240000
1359350780,17.999980000000,0.111100000000
1359350780,17.999980000000,4.000000000000
1359350781,17.999990000000,8.163600650000
1359350781,18.000000000000,0.500000000000
1359350781,18.000000000000,5.000000000000
1359350781,18.000000000000,106.000000000000
1359350781,18.000000000000,0.100000000000
1359350781,18.000000000000,2.693795600000
1359350781,18.000000000000,0.191535010000
1359350781,18.000000000000,5.500000000000
1359350781,18.000000000000,0.247322500000
1359350824,17.970000000000,58.666836950000
1359350824,17.882200000000,41.333163050000
1359350857,17.882210000000,87.021959640000
1359350857,17.881200000000,12.978040360000
1359350887,17.881200000000,2.183662380000
1359350887,17.881200000000,0.931588170000
1359350887,17.880000000000,25.000000000000
1359350887,17.880000000000,70.984749450000
1359350901,17.887990000000,5.000000000000
1359350909,17.880000000000,7.690000000000
1359351095,17.887990000000,1.000000000000
1359351189,17.880000000000,4.310000000000
1359351290,17.887990000000,0.745015510000
1359351302,17.880000000000,9.290000000000
1359351459,17.880000000000,1.000000000000
1359351460,17.880000000000,0.220000000000
1359351560,17.880000000000,13.310000000000
1359351567,17.887990000000,55.903400000000
1359351694,17.880000000000,4.195250550000
1359351799,17.880000000000,3.355700000000
1359351844,17.880000000000,9.449049450000
1359351845,17.888000000000,34.446600950000
1359351878,17.871000000000,0.195000000000
1359351956,17.871000000000,0.449121400000
1359351957,17.870100000000,0.050958510000
1359351965,17.880000000000,0.057737860000
1359352078,17.887990000000,0.200000000000
1359352086,17.887990000000,24.096474610000
1359352089,17.888000000000,0.200000000000
1359352104,17.888000000000,25.000000000000
1359352105,17.888000000000,0.015663010000
1359352109,17.888000000000,3.000000000000
1359352188,17.888000000000,5.000000000000
1359352400,17.870110000000,1.100000000000
1359352447,17.888000000000,20.000000000000
1359352489,17.870110000000,0.922842790000
1359352489,17.870100000000,0.221157210000
1359352598,17.870100000000,0.150000000000
1359353023,17.870100000000,0.527884280000
1359353023,17.870100000000,0.932189460000
1359353024,17.870000000000,0.931619410000
1359353024,17.850000000000,0.180000000000
1359353024,17.850000000000,10.000000000000
1359353024,17.831970000000,0.034252410000
1359353024,17.831510000000,0.037703090000
1359353024,17.828860000000,0.045624930000
1359353024,17.819100000000,0.041365310000
1359353024,17.816430000000,0.050101560000
1359353024,17.815250000000,0.066795040000
1359353024,17.813550000000,59.960200000000
1359353024,17.812550000000,0.060616610000
1359353024,17.810000000000,1.100000000000
1359353024,17.810000000000,90.207846110000
1359353063,17.813560000000,1.500000000000
1359353063,17.813560000000,0.900000000000
1359353096,17.887990000000,1.678791270000
1359353098,17.813560000000,0.010000000000
1359353173,17.887990000000,0.398622440000
1359353174,17.887990000000,2.345428450000
1359353308,17.888000000000,3.552149800000
1359353398,17.888000000000,1.398992730000
1359353398,17.888000000000,11.761472490000
1359353462,17.888000000000,0.224202300000
1359353693,17.887990000000,2.110503680000
1359353780,17.887990000000,2.000000000000
1359353904,17.888000000000,2.400918720000
1359353904,17.888000000000,2.926000000000
1359353904,17.950000000000,2.000000000000
1359353904,17.950000000000,1.010000000000
1359353904,17.959260000000,5.359381280000
1359353937,17.888000000000,2.000000000000
1359353995,17.888000000000,0.720000000000
1359353995,17.888000000000,1.000000000000
1359353995,17.888000000000,0.500000000000
1359354013,17.888000000000,0.420000000000
1359354056,17.959150000000,0.224202300000
1359354298,17.951000000000,0.500000000000
1359354363,17.902010000000,16.442346320000
1359354363,17.902000000000,0.500000000000
1359354363,17.887990000000,3.057653680000
1359354369,17.951000000000,0.500000000000
1359354536,17.953690000000,10.717584700000
1359354602,17.888010000000,0.010000000000
1359354642,17.888010000000,2.150000000000
1359354660,17.953140000000,9.182012890000
1359354660,17.959000000000,0.818637300000
1359354664,17.888000000000,0.010000000000
1359354885,17.958990000000,0.980000000000
1359354886,17.888000000000,0.010000000000
1359355020,17.958990000000,1.160216750000
1359355021,17.959000000000,0.181362700000
1359355021,17.960000000000,1.230638050000
1359355023,17.902010000000,0.010000000000
1359355144,17.902010000000,16.500000000000
1359355190,17.902010000000,3.144819380000
1359355190,17.902000000000,0.100000000000
1359355190,17.887990000000,0.087791750000
1359355190,17.855000000000,23.667388870000
1359355211,17.959980000000,10.550000000000
1359355213,17.855010000000,0.010000000000
1359355277,17.854010000000,0.010000000000
1359355290,17.958990000000,17.818400000000
1359355299,17.958980000000,9.202197370000
1359355299,17.958990000000,10.574900700000
1359355301,17.854010000000,0.010000000000
1359355536,17.854010000000,1.198254350000
1359355865,17.900000000000,7.800000000000
1359355865,17.958000000000,12.005449780000
1359355866,17.854010000000,0.010000000000
1359355930,17.854010000000,0.050000000000
1359355930,17.854010000000,6.080000000000
1359356025,17.854010000000,5.000000000000
1359356044,17.854010000000,0.400000000000
1359356045,17.854010000000,0.743952810000
1359356058,17.854000000000,0.500000000000
1359356058,17.854000000000,0.100000000000
1359356058,17.813320000000,0.068575780000
1359356058,17.811000000000,0.075437000000
1359356058,17.810000000000,0.255987220000
1359356157,17.854000000000,0.001450000000
1359356208,17.854010000000,0.000428470000
1359356273,17.854010000000,10.945618720000
1359356273,17.945370000000,10.510611370000
1359356454,17.899990000000,5.586595290000
1359356657,17.899990000000,1.680672270000
1359356874,17.899990000000,6.118165340000
1359356874,17.900000000000,9.636062500000
1359356875,17.947000000000,59.942000000000
1359356875,17.948000000000,44.000000000000
1359356875,17.949000000000,0.390000000000
1359356875,17.959000000000,0.900000000000
1359356875,17.960000000000,0.010301870000
1359356876,17.960000000000,14.000000000000
1359356877,17.960000000000,59.921000000000
1359356879,17.960000000000,59.932400000000
1359356892,17.968990000000,0.042020360000
1359356892,17.969000000000,1.457979640000
1359356930,17.855010000000,0.010000000000
1359356938,17.968990000000,0.053636170000
1359356938,17.969000000000,18.542020360000
1359356938,17.970000000000,150.000000000000
1359356938,17.974730000000,0.013178110000
1359356939,17.975190000000,0.011970230000
1359356939,17.978000000000,26.290270880000
1359356941,17.854010000000,0.010000000000
1359357164,17.863010000000,1.280000000000
1359357362,17.950000000000,0.755000000000
1359357362,17.978000000000,4.335854500000
1359357364,17.863010000000,0.010000000000
1359357796,17.978000000000,26.582280900000
1359357797,17.863010000000,0.010000000000
1359357892,17.863010000000,10.000000000000
1359358023,17.863010000000,0.250000000000
1359358023,17.863010000000,0.500000000000
1359358074,17.863010000000,3.356000000000
1359358196,17.978000000000,0.445000000000
1359358196,17.863010000000,0.010000000000
1359358231,17.978000000000,1.000000000000
1359358234,17.863010000000,0.010000000000
1359358701,17.910010000000,1.275326670000
1359358743,17.976990000000,10.165900000000
1359358830,17.976990000000,0.125600000000
1359359061,17.920030000000,0.500000000000
1359359193,17.976490000000,6.274110830000
1359359193,17.976500000000,1.000000000000
1359359194,17.976500000000,0.467601580000
1359359201,17.976500000000,0.589770190000
1359359209,17.976500000000,3.287410000000
1359359215,17.976500000000,0.328740000000
1359359250,17.976500000000,1.288370000000
1359359263,17.976500000000,0.128840000000
1359359266,17.976500000000,0.014315350000
1359359332,17.976490000000,0.032420330000
1359359332,17.976500000000,0.114524650000
1359359332,17.976500000000,0.128840000000
1359359332,17.977000000000,0.050000000000
1359359332,17.977990000000,2.023780740000
1359359334,17.920010000000,0.010000000000
1359359888,17.920020000000,5.658528680000
1359359888,17.920000000000,2.790178570000
1359359888,17.920000000000,0.929281150000
1359359888,17.890000000000,0.622011600000
1359359893,17.949990000000,5.662576690000
1359359893,17.950000000000,17.500000000000
1359359893,17.978000000000,3.312533110000
1359359896,17.890010000000,0.010000000000
1359359910,17.890010000000,0.167000000000
1359359988,17.977990000000,0.040200390000
1359359988,17.978000000000,11.084499610000
1359360271,17.977760000000,0.166607820000
1359360271,17.977770000000,1.513123420000
1359360272,17.890010000000,0.010000000000
1359360569,17.977770000000,15.543480080000
1359360570,17.890010000000,0.010000000000
1359360633,17.977770000000,1.399776040000
1359360635,17.890010000000,0.010000000000
1359360675,17.900000000000,1.000000000000
1359360710,17.977770000000,6.729000000000
1359360711,17.900020000000,0.010000000000
1359360816,17.950000000000,0.010000000000
1359360817,17.900030000000,0.010000000000
1359360998,17.950000000000,0.220293850000
1359361123,17.977770000000,100.000000000000
1359361123,17.960020000000,0.010000000000
1359361135,17.977770000000,20.557100000000
1359361136,17.960020000000,0.010000000000
1359361176,17.977770000000,91.902498360000
1359361176,17.978000000000,8.097501640000
1359361177,17.960020000000,0.010000000000
1359361278,17.978000000000,168.852059360000
1359361278,17.980000000000,1.000000000000
1359361278,17.980570000000,0.034660000000
1359361278,17.984970000000,0.014463540000
1359361278,17.987060000000,0.017500880000
1359361278,17.988920000000,0.021190110000
1359361278,17.989700000000,0.047380000000
1359361278,17.990000000000,0.180000000000
1359361279,17.990000000000,25.020000000000
1359361279,17.990000000000,6.000000000000
1359361279,17.994010000000,0.023966350000
1359361279,17.994970000000,0.023293670000
1359361279,17.995430000000,0.026369220000
1359361279,17.997100000000,0.015909890000
1359361279,17.998000000000,10.000000000000
1359361279,17.998850000000,0.060120000000
1359361279,18.000000000000,0.787161530000
1359361279,18.000000000000,23.500000000000
1359361279,18.000000000000,5.000000000000
1359361279,18.000000000000,0.030000000000
1359361279,18.000000000000,1.000000000000
1359361279,18.000000000000,18.200140000000
1359361279,18.000000000000,0.500000000000
1359361279,18.000000000000,0.100000000000
1359361280,18.000000000000,11.111100000000
1359361280,18.000000000000,4.975000000000
1359361280,18.000000000000,2.875121230000
1359361280,18.000000000000,0.250000000000
1359361280,18.000000000000,25.000000000000
1359361280,18.000000000000,2.000000000000
1359361280,18.000000000000,49.451210820000
1359361283,17.960020000000,0.010000000000
1359361310,18.000000000000,6.305510000000
1359361311,17.971850000000,0.010000000000
1359361315,17.971850000000,0.700000000000
1359361340,17.971850000000,0.010000000000
1359361566,18.000000000000,0.520826860000
1359361568,17.971850000000,0.010000000000
1359361753,17.993360000000,0.362405170000
1359361761,17.993360000000,2.000000000000
1359361780,17.999990000000,0.272870410000
1359361781,18.000000000000,43.722452320000
1359361781,18.000000000000,1.000000000000
1359361781,18.000000000000,12.206121200000
1359361781,18.000000000000,12.000000000000
1359361781,18.000000000000,100.000000000000
1359361782,18.000000000000,20.000000000000
1359361782,18.000000000000,5.215300000000
1359361782,18.000000000000,75.000000000000
1359361783,18.000000000000,0.030000000000
1359361783,18.000000000000,13.000000000000
1359361783,18.000000000000,0.010000000000
1359361783,18.000000000000,0.960000000000
1359361783,18.000000000000,16.583256070000
1359361828,18.000000000000,38.400000000000
1359361843,18.000000000000,4.016743930000
1359361843,18.000000000000,1.000000000000
1359361844,18.000000000000,44.376357770000
1359361937,18.000000000000,42.000000000000
1359361962,18.000000000000,20.000000000000
1359362031,18.000000000000,0.173608950000
1359362050,18.000000000000,5.000000000000
1359362054,17.993370000000,0.272870490000
1359362056,17.971850000000,0.010000000000
1359362078,17.971850000000,3.895003180000
1359362087,17.971850000000,1.000000000000
1359362097,17.971840000000,3.390000000000
1359362098,17.971840000000,3.197805030000
1359362183,17.999990000000,3.000000000000
1359362208,17.999990000000,1.167873670000
1359362208,17.999990000000,5.282830000000
1359362208,18.000000000000,138.450033280000
1359362208,18.000000000000,0.000171000000
1359362208,18.000000000000,7.710855600000
1359362208,18.000000000000,41.799262770000
1359362245,18.000000000000,4.018200330000
1359362245,18.000000000000,0.025643670000
1359362245,18.000000000000,0.056477300000
1359362245,18.000000000000,1.000000000000
1359362245,18.000000000000,3.769469780000
1359362245,18.000000000000,3.980000000000
1359362245,18.000000000000,1.000000000000
1359362245,18.000000000000,0.010000000000
1359362245,18.000000000000,1.000000000000
1359362245,18.000000000000,2.010000000000
1359362245,18.000000000000,0.497000000000
1359362245,18.000000000000,3.094819000000
1359362245,18.000000000000,1.000000000000
1359362245,18.000000000000,1.000000000000
1359362245,18.000000000000,4.000000000000
1359362245,18.000000000000,5.659953580000
1359362246,18.000000000000,0.710000000000
1359362246,18.000000000000,20.000000000000
1359362246,18.000000000000,131.247874960000
1359362246,18.000000000000,5.799334560000
1359362246,18.000000000000,0.121226820000
1359362510,17.971850000000,0.604600000000
1359362661,18.000000000000,0.878773180000
1359362662,18.001050000000,0.125516000000
1359362662,18.004730000000,0.058521450000
1359362662,18.006710000000,0.104466460000
1359362662,18.007750000000,0.028997920000
1359362662,18.008750000000,0.113690000000
1359362662,18.009350000000,0.054680000000
1359362662,18.009400000000,0.170094030000
1359362663,18.009990000000,0.200000000000
1359362663,18.010000000000,0.150562120000
1359362675,18.009990000000,0.013992460000
1359362676,18.009990000000,0.590606920000
1359362773,18.010000000000,0.049437880000
1359362773,18.010000000000,0.056445200000
1359362785,18.012850000000,0.035944010000
1359362785,18.013440000000,0.050400000000
1359362785,18.013450000000,0.031320000000
1359362785,18.014620000000,0.035091300000
1359362785,18.016150000000,0.039521550000
1359362785,18.019370000000,0.297650000000
1359362785,18.020000000000,0.250000000000
1359362785,18.020000000000,0.056413200000
1359362785,18.020320000000,5.549291560000
1359362785,18.021240000000,0.152902200000
1359362785,18.022170000000,0.031857240000
1359362785,18.022270000000,0.042456150000
1359362786,18.023740000000,0.557262850000
1359362786,18.024540000000,0.010080000000
1359362786,18.024540000000,0.086460000000
1359362786,18.024540000000,0.020130000000
1359362786,18.028330000000,0.417547090000
1359362786,18.029990000000,0.200000000000
1359362786,18.030000000000,0.200000000000
1359362786,18.030000000000,0.056381200000
1359362786,18.030410000000,0.125828110000
1359362786,18.030560000000,0.043316770000
1359362786,18.030930000000,0.075620000000
1359362786,18.031000000000,0.976527980000
1359362786,18.031560000000,0.128859290000
1359362786,18.031670000000,0.046664060000
1359362786,18.033960000000,0.052440000000
1359362786,18.033960000000,0.071380000000
1359362787,18.033960000000,0.014150000000
1359362787,18.035080000000,0.077088640000
1359362787,18.038640000000,0.129830000000
1359362787,18.038970000000,0.136038190000
1359362787,18.039690000000,0.169750070000
1359362787,18.040000000000,0.056349200000
1359362787,18.040000000000,0.250000000000
1359362787,18.047000000000,4.977000000000
1359362787,18.047910000000,11.057639600000
1359362787,18.048000000000,11.490809740000
1359362791,18.010010000000,0.010000000000
1359362852,18.031700000000,0.047645790000
1359362863,18.036890000000,0.052372480000
1359362863,18.042230000000,0.052289850000
1359362863,18.047280000000,0.047410100000
1359362863,18.048000000000,43.915116910000
1359362868,18.031710000000,0.010000000000
1359362933,18.048000000000,100.000000000000
1359362934,18.036900000000,0.010000000000
1359362970,18.048000000000,25.930900000000
1359362971,18.036900000000,0.010000000000
1359362976,18.036900000000,3.070000000000
1359362998,18.036900000000,4.000000000000
1359363011,18.048000000000,50.000000000000
1359363020,18.036900000000,0.010000000000
1359363026,18.036900000000,0.010000000000
1359363054,18.048000000000,18.663173350000
1359363054,18.049000000000,34.550230520000
1359363054,18.049900000000,0.200000000000
1359363065,18.049990000000,0.200000000000
1359363069,18.050000000000,0.200000000000
1359363069,18.050000000000,0.056317300000
1359363069,18.050000000000,0.030000000000
1359363069,18.050500000000,0.976342920000
1359363070,18.050570000000,0.058605610000
1359363072,18.050780000000,0.166747290000
1359363155,18.010010000000,0.010000000000
1359363360,18.051890000000,7.086807650000
1359363360,18.051900000000,0.975733890000
1359363382,18.010010000000,0.010000000000
1359363383,18.052460000000,0.149685230000
1359363392,18.010010000000,0.010000000000
1359363400,18.053210000000,0.184276880000
1359363518,18.053220000000,8.815723120000
1359363520,18.010110000000,0.010000000000
1359363700,18.053210000000,1.184276880000
1359363700,18.053400000000,0.057101440000
1359363700,18.054000000000,0.119400000000
1359363700,18.055340000000,0.111810000000
1359363700,18.055690000000,0.063103290000
1359363700,18.055970000000,0.476760000000
1359363700,18.057660000000,0.064439600000
1359363700,18.060000000000,0.056285400000
1359363700,18.060000000000,0.250000000000
1359363700,18.060480000000,0.136663600000
1359363700,18.062510000000,0.202391350000
1359363700,18.065480000000,0.094876980000
1359363701,18.065660000000,0.164704000000
1359363701,18.068450000000,0.068839630000
1359363701,18.069460000000,0.070195520000
1359363701,18.069880000000,0.068539070000
1359363701,18.069990000000,0.200000000000
1359363701,18.070000000000,0.200000000000
1359363701,18.070000000000,0.056253500000
1359363701,18.072010000000,0.151988750000
1359363701,18.072420000000,0.062292750000
1359363701,18.073070000000,0.082093490000
1359363702,18.074470000000,0.110950000000
1359363702,18.079350000000,0.153606830000
1359363702,18.080000000000,0.056221700000
1359363702,18.080000000000,0.250000000000
1359363702,18.080430000000,0.187340390000
1359363702,18.081990000000,0.500000000000
1359363702,18.084210000000,0.194576590000
1359363702,18.085190000000,0.078580000000
1359363702,18.085350000000,0.475550000000
1359363702,18.085350000000,0.031860000000
1359363702,18.085360000000,0.010810000000
1359363702,18.085360000000,0.830410000000
1359363702,18.088660000000,0.082065640000
1359363702,18.089000000000,0.433704910000
1359363706,18.010110000000,0.010000000000
1359363849,18.030010000000,1.000000000000
1359363877,18.030010000000,1.280000000000
1359363877,18.030010000000,4.052000000000
1359363878,18.030010000000,5.010000000000
1359363878,18.030010000000,1.804149910000
1359363878,18.030000000000,12.095850090000
1359363879,18.030000000000,2.000000000000
1359363879,18.030000000000,1.000000000000
1359363891,18.076250000000,1.663893510000
1359363908,18.030000000000,7.682149910000
1359363937,18.010110000000,1.000000000000
1359364138,18.030010000000,0.663911580000
1359364138,18.030000000000,27.869488420000
1359364156,18.030000000000,0.130900550000
1359364170,18.030000000000,5.000000000000
1359364200,18.030000000000,5.000000000000
1359364220,18.076250000000,0.342224730000
1359364277,18.059990000000,12.787136220000
1359364277,18.060000000000,4.550555090000
1359364277,18.030000000000,0.400000000000
1359364281,18.030000000000,5.356000000000
1359364284,18.030000000000,0.310000000000
1359364285,18.030000000000,1.400000000000
1359364286,18.030000000000,0.760000000000
1359364289,18.030000000000,0.390000000000
1359364291,18.030010000000,0.750000000000
1359364292,18.030010000000,4.779125620000
1359364292,18.030000000000,1.720874380000
1359364294,18.030000000000,0.500000000000
1359364294,18.030000000000,0.047800000000
1359364343,18.060000000000,0.449444910000
1359364344,18.059990000000,5.497948570000
1359364394,18.059990000000,0.031177050000
1359364434,18.076260000000,0.070334570000
1359364434,18.078450000000,0.076525490000
1359364456,18.088370000000,0.080368840000
1359364456,18.088980000000,17.400000000000
1359364456,18.089000000000,7.895031160000
1359364461,18.080010000000,0.010000000000
1359364488,18.089000000000,11.671263930000
1359364488,18.089170000000,0.082277310000
1359364489,18.089990000000,0.200000000000
1359364489,18.090000000000,0.200000000000
1359364490,18.090000000000,0.056189900000
1359364490,18.090000000000,0.126933860000
1359364490,18.090000000000,87.663335000000
1359364493,18.080010000000,0.010000000000
1359364512,18.090000000000,0.023800000000
1359364513,18.080010000000,0.010000000000
1359364562,18.080010000000,10.000000000000
1359364562,18.080010000000,0.200000000000
1359364562,18.080010000000,0.033745980000
1359364563,18.090000000000,1.312865000000
1359364563,18.090300000000,0.974700190000
1359364563,18.091800000000,0.973236010000
1359364563,18.093490000000,0.158510000000
1359364563,18.095930000000,0.111337930000
1359364563,18.096000000000,0.220214240000
1359364563,18.096270000000,0.082724780000
1359364570,18.030010000000,0.010000000000
1359364606,18.096260000000,5.596067360000
1359364607,18.030010000000,0.010000000000
1359364706,18.040010000000,16.239973950000
1359364706,18.040000000000,44.360000000000
1359364706,18.010100000000,10.000000000000
1359364706,18.010000000000,87.018170550000
1359364749,18.010010000000,5.000000000000
1359364856,18.096230000000,10.021279280000
1359364858,18.010010000000,0.010000000000
1359364951,18.050000000000,1.000000000000
1359364951,18.095000000000,1.000000000000
1359364954,18.010020000000,0.010000000000
1359365158,18.010020000000,6.000000000000
1359365214,18.010020000000,19.192630660000
1359365280,18.094990000000,0.000810160000
1359365281,18.010020000000,0.010000000000
1359365482,18.010010000000,10.000000000000
1359365482,18.010000000000,67.710000000000
1359365507,18.020000000000,0.700000000000
1359365564,18.020000000000,9.300000000000
1359365588,18.030000000000,0.970000000000
1359365588,18.050000000000,1.000000000000
1359365588,18.095000000000,4.000000000000
1359365588,18.096270000000,0.099320760000
1359365588,18.097000000000,5.000000000000
1359365588,18.097570000000,0.083897930000
1359365588,18.097600000000,0.075911660000
1359365588,18.098000000000,0.100000000000
1359365589,18.098490000000,0.350000000000
1359365589,18.099150000000,0.082780890000
1359365589,18.099270000000,0.087747420000
1359365589,18.100000000000,5.138036340000
1359365706,18.099990000000,12.864600000000
1359365796,18.099990000000,28.244779760000
1359365796,18.100000000000,5.911663660000
1359365796,18.100000000000,9.843556580000
1359365799,18.010020000000,0.010000000000
1359365810,18.010030000000,42.730300000000
1359365933,18.089950000000,4.178032790000
1359365952,18.089920000000,4.962649380000
1359365973,18.089920000000,5.000000000000
1359365977,18.038800000000,2.897440000000
1359365985,18.089920000000,0.267755100000
1359365992,18.089920000000,5.000000000000
1359366012,18.038800000000,1.752950000000
1359366015,18.089920000000,5.000000000000
1359366021,18.038800000000,1.609530000000
1359366026,18.038800000000,0.053610000000
1359366040,18.038790000000,0.174820000000
1359366056,18.038790000000,5.000000000000
1359366077,18.038790000000,5.000000000000
1359366078,18.038790000000,6.313530000000
1359366100,18.038790000000,1.772326760000
1359366102,18.038800000000,0.107360000000
1359366102,18.090000000000,0.100000000000
1359366103,18.100000000000,0.098636200000
1359366106,18.010010000000,0.520000000000
1359366107,18.010010000000,9.480000000000
1359366107,18.010000000000,5.520000000000
1359366108,18.010000000000,0.581391840000
1359366124,18.099970000000,0.155952960000
1359366135,18.010010000000,0.010000000000
1359366141,18.099970000000,5.000000000000
1359366146,18.010010000000,0.010000000000
1359366148,18.099970000000,0.190000000000
1359366154,18.010010000000,0.167000000000
1359366158,18.010010000000,0.010000000000
1359366162,18.099970000000,5.000000000000
1359366167,18.038810000000,0.010000000000
1359366180,18.099970000000,5.000000000000
1359366184,18.038820000000,22.742446800000
1359366184,18.038810000000,6.303490000000
1359366184,18.010000000000,26.390063200000
1359366195,18.099970000000,0.185420000000
1359366196,18.010010000000,0.010000000000
1359366197,18.099960000000,10.428047090000
1359366201,18.010010000000,0.010000000000
1359366212,18.099950000000,5.000000000000
1359366233,18.099920000000,5.000000000000
1359366241,18.099920000000,2.507036520000
1359366242,18.099930000000,3.017848130000
1359366243,18.038820000000,0.010000000000
1359366252,18.099930000000,4.984967160000
1359366253,18.038830000000,0.010000000000
1359366272,18.099930000000,5.000000000000
1359366274,18.038830000000,0.010000000000
1359366292,18.099960000000,3.000000000000
1359366292,18.100000000000,2.000000000000
1359366294,18.038830000000,0.010000000000
1359366304,18.100000000000,0.200000000000
1359366305,18.100000000000,50.000000000000
1359366305,18.038830000000,0.010000000000
1359366313,18.100000000000,5.000000000000
1359366315,18.038830000000,0.010000000000
1359366332,18.100000000000,5.000000000000
1359366333,18.038830000000,0.010000000000
1359366334,18.038830000000,0.102695800000
1359366352,18.100000000000,5.000000000000
1359366353,18.038830000000,0.010000000000
1359366373,18.099000000000,5.000000000000
1359366376,18.038830000000,0.010000000000
1359366378,18.038830000000,22.725541770000
1359366378,18.038810000000,6.313490000000
1359366378,18.010000000000,24.960968230000
1359366379,18.010000000000,0.637420100000
1359366395,18.098960000000,0.185420000000
1359366396,18.010010000000,0.010000000000
1359366396,18.010010000000,0.010000000000
1359366413,18.098930000000,5.000000000000
1359366432,18.098930000000,2.710000000000
1359366452,18.096970000000,5.000000000000
1359366474,18.096970000000,2.382100000000
1359366491,18.096970000000,5.000000000000
1359366512,18.096970000000,2.557359980000
1359366512,18.096980000000,2.442640020000
1359366515,18.038830000000,0.010000000000
1359366532,18.096980000000,5.000000000000
1359366535,18.038830000000,0.010000000000
1359366554,18.096980000000,5.000000000000
1359366558,18.038830000000,0.010000000000
1359366575,18.097000000000,5.000000000000
1359366577,18.038830000000,0.010000000000
1359366580,18.100000000000,22.857807220000
1359366580,18.100000000000,2.000000000000
1359366580,18.100000000000,0.001046480000
1359366581,18.100000000000,0.056158200000
1359366581,18.100000000000,0.250000000000
1359366581,18.100000000000,0.718155950000
1359366582,18.038830000000,0.010000000000
1359366595,18.100000000000,2.999300000000
1359366598,18.038830000000,0.010000000000
1359366615,18.100000000000,0.204731460000
1359366616,18.100000000000,4.971902110000
1359366619,18.100000000000,5.000000000000
1359366623,18.038830000000,0.010000000000
1359366635,18.100000000000,5.000000000000
1359366637,18.038830000000,0.010000000000
1359366665,18.100000000000,5.000000000000
1359366675,18.100000000000,2.210974110000
1359366675,18.100000000000,14.566129280000
1359366682,18.038830000000,0.010000000000
1359366684,18.099000000000,1.650000000000
1359366684,18.100000000000,3.350000000000
1359366690,18.038830000000,0.010000000000
1359366695,18.100000000000,5.000000000000
1359366704,18.038830000000,0.010000000000
1359366721,18.100000000000,5.000000000000
1359366727,18.038830000000,0.010000000000
1359366736,18.099000000000,5.000000000000
1359366745,18.038830000000,0.010000000000
1359366754,18.038830000000,12.000000000000
1359366761,18.099000000000,2.000000000000
1359366764,18.100000000000,3.000000000000
1359366770,18.038830000000,0.010000000000
1359366779,18.100000000000,5.000000000000
1359366783,18.038830000000,0.010000000000
1359366788,18.038830000000,0.019000000000
1359366795,18.099000000000,5.000000000000
1359366798,18.038830000000,0.010000000000
1359366817,18.100000000000,5.000000000000
1359366819,18.038830000000,0.010000000000
1359366837,18.100000000000,5.000000000000
1359366839,18.038830000000,0.010000000000
1359366846,18.100000000000,0.030900000000
1359366848,18.038830000000,0.010000000000
1359366864,18.100000000000,4.052970720000
1359366865,18.100000000000,0.030000000000
1359366866,18.100000000000,0.917029280000
1359366874,18.038830000000,0.010000000000
1359366879,18.100000000000,0.082970720000
1359366879,18.100000000000,0.159327830000
1359366880,18.105300000000,0.089702160000
1359366880,18.106110000000,0.204090000000
1359366880,18.107300000000,0.091095680000
1359366880,18.108950000000,0.290110000000
1359366880,18.109410000000,0.179859870000
1359366889,18.109990000000,0.200000000000
1359366892,18.110000000000,0.200000000000
1359366892,18.110000000000,0.056126500000
1359366893,18.111000000000,3.446717240000
1359366906,18.111000000000,1.553282760000
1359366910,18.112550000000,0.172206940000
1359366911,18.114410000000,0.164772320000
1359366911,18.116000000000,0.202475250000
1359366911,18.116370000000,0.870930000000
1359366911,18.116370000000,0.135160000000
1359366911,18.117750000000,1.901172730000
1359366923,18.038830000000,0.010000000000
1359366926,18.117750000000,0.428827270000
1359366927,18.117740000000,4.571172730000
1359366937,18.038820000000,0.010000000000
1359366943,18.117740000000,5.000000000000
1359366946,18.117740000000,2.474983820000
1359366946,18.119610000000,0.081925430000
1359366946,18.119610000000,0.081925430000
1359366946,18.120000000000,0.056094800000
1359366946,18.120000000000,0.250000000000
1359366946,18.120110000000,0.099180220000
1359366946,18.121670000000,0.280864590000
1359366946,18.121670000000,0.110000000000
1359366946,18.122070000000,0.095432420000
1359366947,18.122710000000,0.100773430000
1359366947,18.122810000000,0.089950800000
1359366947,18.124000000000,0.119400000000
1359366947,18.124960000000,0.222040600000
1359366947,18.125300000000,0.099179510000
1359366947,18.125770000000,0.050890000000
1359366947,18.125770000000,0.099990000000
1359366948,18.125780000000,2.223190000000
1359366948,18.126250000000,0.101013780000
1359366948,18.126430000000,0.128267200000
1359366948,18.128430000000,0.178218970000
1359366948,18.128840000000,0.216427630000
1359366948,18.129990000000,0.200000000000
1359366949,18.130000000000,0.200000000000
1359366949,18.130000000000,0.056642300000
1359366949,18.130000000000,2.485000000000
1359366949,18.136100000000,0.115320000000
1359366949,18.137910000000,0.123620000000
1359366949,18.137910000000,0.115790000000
1359366949,18.139610000000,0.084190000000
1359366949,18.139820000000,0.215942480000
1359366949,18.140000000000,0.056609300000
1359366950,18.140000000000,0.221160970000
1359366965,18.139990000000,0.038257260000
1359366965,18.140000000000,0.028839030000
1359366965,18.140600000000,0.684805820000
1359366965,18.140970000000,0.110342160000
1359366965,18.141260000000,0.081827650000
1359366966,18.141470000000,0.241905300000
1359366966,18.142230000000,0.109691170000
1359366966,18.142960000000,0.995400000000
1359366966,18.142960000000,1.000000000000
1359366966,18.142960000000,0.110000000000
1359366966,18.143930000000,0.196674700000
1359366966,18.144120000000,0.228340000000
1359366966,18.145020000000,0.107613180000
1359366966,18.146530000000,0.093798810000
1359366966,18.147000000000,0.054247720000
1359366985,18.038810000000,0.241121490000
1359366990,18.145220000000,0.109553840000
1359366990,18.147000000000,4.890446160000
1359366991,18.147000000000,0.032306120000
1359366991,18.147000000000,0.110000000000
1359366991,18.147700000000,5.000000000000
1359366991,18.147970000000,12.462493880000
1359367006,18.147970000000,5.000000000000
1359367010,18.038820000000,0.010000000000
1359367014,18.147970000000,5.000000000000
1359367016,18.038820000000,0.010000000000
1359367032,18.147970000000,5.000000000000
1359367053,18.147000000000,1.000000000000
1359367053,18.147970000000,4.000000000000
1359367072,18.147970000000,5.000000000000
1359367092,18.038820000000,0.010000000000
1359367093,18.147970000000,3.537506120000
1359367093,18.147970000000,1.462493880000
1359367099,18.038820000000,0.010000000000
1359367113,18.147970000000,3.537506120000
1359367113,18.147960000000,0.015996820000
1359367113,18.148000000000,1.446497060000
1359367117,18.038820000000,0.010000000000
1359367132,18.148000000000,5.000000000000
1359367134,18.038830000000,0.010000000000
1359367135,18.148000000000,0.170000000000
1359367139,18.038830000000,0.010000000000
1359367153,18.148000000000,5.000000000000
1359367155,18.038830000000,0.010000000000
1359367172,18.140000000000,5.000000000000
1359367175,18.038830000000,0.010000000000
1359367193,18.140000000000,5.000000000000
1359367194,18.038830000000,0.010000000000
1359367223,18.140000000000,5.000000000000
1359367235,18.038830000000,0.010000000000
1359367237,18.140000000000,5.000000000000
1359367237,18.038830000000,0.010000000000
1359367267,18.148000000000,5.000000000000
1359367273,18.038830000000,0.010000000000
1359367278,18.148000000000,2.910000000000
1359367283,18.038830000000,0.010000000000
1359367300,18.148000000000,1.550000000000
1359367306,18.038830000000,0.010000000000
1359367318,18.148000000000,5.000000000000
1359367320,18.038830000000,0.010000000000
1359367338,18.148000000000,3.120000000000
1359367341,18.038830000000,0.010000000000
1359367358,18.148000000000,5.000000000000
1359367360,18.038830000000,0.010000000000
1359367375,18.148000000000,5.000000000000
1359367380,18.038830000000,0.010000000000
1359367395,18.148000000000,5.000000000000
1359367396,18.038830000000,0.010000000000
1359367420,18.148000000000,5.000000000000
1359367424,18.038830000000,0.010000000000
1359367443,18.148000000000,5.000000000000
1359367451,18.038830000000,0.010000000000
1359367462,18.148000000000,5.000000000000
1359367467,18.038830000000,2.000000000000
1359367474,18.038830000000,0.010000000000
1359367484,18.148000000000,5.000000000000
1359367495,18.148000000000,5.000000000000
1359367498,18.038830000000,0.010000000000
1359367514,18.147980000000,0.000500240000
1359367516,18.148000000000,4.999499760000
1359367518,18.147990000000,1.652892560000
1359367520,18.038830000000,0.010000000000
1359367532,18.148000000000,5.000000000000
1359367533,18.038830000000,0.010000000000
1359367555,18.147500000000,0.350000000000
1359367555,18.147980000000,1.661837850000
1359367555,18.148000000000,2.988162150000
1359367557,18.038830000000,0.010000000000
1359367573,18.148000000000,3.000000000000
1359367576,18.038830000000,0.010000000000
1359367594,18.137510000000,0.110000000000
1359367594,18.148000000000,4.890000000000
1359367595,18.038830000000,0.010000000000
1359367597,18.147990000000,10.529563740000
1359367597,18.148000000000,159.925841030000
1359367597,18.148000000000,0.110000000000
1359367597,18.148000000000,0.250000000000
1359367598,18.148060000000,0.103048280000
1359367598,18.148170000000,0.016520000000
1359367598,18.148170000000,0.022960000000
1359367598,18.149890000000,27.184731500000
1359367598,18.149990000000,0.200000000000
1359367598,18.149990000000,3.000000000000
1359367598,18.150000000000,0.200000000000
1359367598,18.150000000000,40.881535450000
1359367600,18.038830000000,0.010000000000
1359367613,18.150000000000,0.209350000000
1359367614,18.038830000000,0.010000000000
1359367632,18.149990000000,1.886310150000
1359367632,18.150000000000,3.113689850000
1359367653,18.149990000000,1.661653810000
1359367653,18.150000000000,3.338346190000
1359367673,18.150000000000,5.000000000000
1359367693,18.150000000000,5.000000000000
1359367714,18.147920000000,0.059500000000
1359367714,18.149990000000,0.149850000000
1359367733,18.149990000000,1.511803810000
1359367733,18.149980000000,3.488196190000
1359367752,18.149990000000,1.661653810000
1359367752,18.150000000000,3.338346190000
1359367774,18.150000000000,5.000000000000
1359367777,18.150000000000,217.070539080000
1359367777,18.150000000000,1.000000000000
1359367777,18.150000000000,0.056576800000
1359367777,18.150000000000,100.000000000000
1359367777,18.150000000000,1.000000000000
1359367778,18.153080000000,0.112853410000
1359367778,18.153190000000,0.192775530000
1359367778,18.154030000000,0.064080000000
1359367778,18.156310000000,0.117616380000
1359367778,18.156980000000,0.141322410000
1359367778,18.158510000000,0.215588800000
1359367778,18.160000000000,0.250000000000
1359367778,18.160000000000,0.057126500000
1359367778,18.161860000000,0.120417790000
1359367778,18.163630000000,0.141790000000
1359367778,18.164210000000,0.119304900000
1359367778,18.165690000000,0.129740000000
1359367778,18.168000000000,0.214672820000
1359367778,18.168000000000,0.118252790000
1359367778,18.168500000000,0.191543750000
1359367779,18.169990000000,0.200000000000
1359367779,18.170000000000,0.200000000000
1359367779,18.170000000000,0.057092600000
1359367779,18.170000000000,279.705019620000
1359367779,18.171760000000,0.081690300000
1359367779,18.173340000000,0.115307730000
1359367780,18.173580000000,0.233690050000
1359367780,18.174030000000,0.225890000000
1359367780,18.177640000000,0.199586440000
1359367780,18.178510000000,0.964330000000
1359367780,18.179230000000,0.127432750000
1359367780,18.180000000000,0.057058800000
1359367780,18.180180000000,25.065000000000
1359367780,18.181450000000,0.232125010000
1359367780,18.181910000000,0.488360070000
1359367780,18.181990000000,0.500000000000
1359367780,18.183020000000,0.261647030000
1359367780,18.185300000000,0.316890000000
1359367780,18.189000000000,10.000000000000
1359367780,18.189990000000,0.200000000000
1359367781,18.190000000000,0.200000000000
1359367781,18.190000000000,0.057025700000
1359367781,18.191990000000,0.229594980000
1359367781,18.192850000000,0.233162480000
1359367781,18.194000000000,0.119400000000
1359367781,18.194190000000,0.086930000000
1359367781,18.195400000000,0.033540000000
1359367781,18.195400000000,0.053730000000
1359367781,18.196990000000,0.253433640000
1359367781,18.197000000000,5.000000000000
1359367781,18.198000000000,0.100000000000
1359367782,18.199000000000,0.127274940000
1359367782,18.199400000000,0.241903370000
1359367782,18.199900000000,0.100000000000
1359367782,18.200000000000,62.000000000000
1359367782,18.200000000000,0.000603890000
1359367783,18.200000000000,150.000000000000
1359367783,18.200000000000,10.989000000000
1359367784,18.200000000000,1.000000000000
1359367784,18.200000000000,1.000000000000
1359367784,18.200000000000,0.865006200000
1359367784,18.200000000000,29.964920660000
1359367797,18.180900000000,0.126728990000
1359367797,18.187590000000,0.156173010000
1359367797,18.189970000000,0.133687440000
1359367797,18.193920000000,0.208976760000
1359367797,18.199980000000,4.374433800000
1359367823,18.182770000000,0.129720830000
1359367823,18.183220000000,0.128445540000
1359367823,18.191010000000,0.128983460000
1359367823,18.198660000000,0.127194970000
1359367824,18.199980000000,11.625566200000
1359367824,18.199990000000,1.657088820000
1359367824,18.200000000000,70.035079340000
1359367826,18.200000000000,1.000000000000
1359367826,18.200000000000,1.000000000000
1359367826,18.200000000000,14.910000000000
1359367826,18.200000000000,0.250000000000
1359367826,18.200000000000,0.056991900000
1359367827,18.200000000000,0.030000000000
1359367827,18.200000000000,1.000000000000
1359367827,18.200000000000,5.052000000000
1359367827,18.200000000000,40.000000000000
1359367827,18.200000000000,1.000000000000
1359367827,18.200000000000,0.100000000000
1359367828,18.200000000000,10.000000000000
1359367828,18.200520000000,5.494348080000
1359367829,18.201390000000,0.266690000000
1359367829,18.206610000000,0.010690000000
1359367830,18.206610000000,0.093050000000
1359367830,18.206610000000,0.021520000000
1359367831,18.207000000000,1.171830860000
1359367859,18.207000000000,4.312133960000
1359367874,18.150020000000,64.693387120000
1359367874,18.150000000000,5.000000000000
1359367891,18.150000000000,5.000000000000
1359367893,18.150000000000,1.377410470000
1359367910,18.150000000000,59.216913650000
1359367913,18.142170000000,0.110000000000
1359367913,18.150000000000,0.404000000000
1359367928,18.150000000000,5.000000000000
1359367937,18.150000000000,5.760903650000
1359367938,18.150000000000,5.000000000000
1359367949,18.150000000000,5.000000000000
1359367959,18.150000000000,5.000000000000
1359367981,18.129010000000,0.010000000000
1359367985,18.143260000000,0.010000000000
1359368053,18.195490000000,5.000000000000
1359368053,18.180050000000,5.000000000000
1359368053,18.164620000000,5.000000000000
1359368053,18.149180000000,5.000000000000
1359368053,18.133750000000,5.000000000000
1359368053,18.129000000000,6.282100000000
1359368053,18.118320000000,5.000000000000
1359368053,18.102880000000,5.000000000000
1359368053,18.098960000000,59.993700000000
1359368054,18.087450000000,5.000000000000
1359368054,18.072010000000,5.000000000000
1359368054,18.056580000000,5.000000000000
1359368054,18.051000000000,10.000000000000
1359368055,18.050000000000,42.410000000000
1359368055,18.041120000000,50.000000000000
1359368055,18.038810000000,6.835270000000
1359368056,18.038800000000,0.922368910000
1359368057,18.028900000000,0.010580000000
1359368057,18.028530000000,0.047553260000
1359368057,18.023240000000,0.043248420000
1359368057,18.019470000000,0.035757810000
1359368057,18.018810000000,0.011550000000
1359368057,18.017140000000,0.039279190000
1359368057,18.013000000000,15.000000000000
1359368057,18.012310000000,0.057466110000
1359368057,18.012000000000,25.000000000000
1359368057,18.011630000000,0.063204440000
1359368058,18.010000000000,9.280819540000
1359368058,18.010000000000,0.924336580000
1359368058,18.008550000000,0.076460770000
1359368058,18.008440000000,0.052165550000
1359368058,18.007880000000,0.012610000000
1359368058,17.997670000000,0.068911580000
1359368058,17.996030000000,0.013750000000
1359368058,17.995280000000,0.111655840000
1359368058,17.989340000000,17.995865880000
1359368058,17.984390000000,0.083308040000
1359368058,17.983980000000,0.091729330000
1359368058,17.983200000000,0.014990000000
1359368058,17.980530000000,0.135121470000
1359368058,17.972650000000,89.983500000000
1359368058,17.971650000000,0.122170980000
1359368058,17.970070000000,0.100700630000
1359368059,17.969300000000,0.016340000000
1359368059,17.962390000000,3.360733170000
1359368059,17.959000000000,0.820000000000
1359368059,17.954250000000,0.017800000000
1359368059,17.952070000000,0.179414320000
1359368059,17.951810000000,0.163046320000
1359368059,17.950000000000,2.700000000000
1359368059,17.949060000000,7.391270000000
1359368060,17.937930000000,0.019390000000
1359368060,17.921710000000,0.239430390000
1359368060,17.920260000000,0.021110000000
1359368060,17.920010000000,1.766550000000
1359368061,17.920000000000,100.000000000000
1359368061,17.920000000000,0.110000000000
1359368061,17.920000000000,0.110000000000
1359368061,17.920000000000,0.110000000000
1359368061,17.920000000000,0.110000000000
1359368061,17.920000000000,0.110000000000
1359368061,17.920000000000,0.110000000000
1359368061,17.918580000000,0.146528190000
1359368062,17.912100000000,60.002300000000
1359368062,17.910550000000,13.982154650000
1359368062,17.910380000000,0.022070000000
1359368062,17.908610000000,0.215618840000
1359368062,17.902000000000,3.140000000000
1359368063,17.900100000000,0.137660680000
1359368063,17.900000000000,150.000000000000
1359368063,17.900000000000,41.061500000000
1359368063,17.899680000000,0.023120000000
1359368063,17.898550000000,6.208560000000
1359368063,17.895230000000,0.195223880000
1359368063,17.890000000000,1.277988400000
1359368063,17.889450000000,0.025480000000
1359368063,17.888080000000,0.024250000000
1359368063,17.888000000000,0.200000000000
1359368063,17.885700000000,0.340000000000
1359368063,17.884680000000,0.288864140000
1359368063,17.875520000000,0.025480000000
1359368063,17.871930000000,0.067690000000
1359368064,17.870000000000,4.634000000000
1359368064,17.864300000000,0.026580000000
1359368064,17.861730000000,49.756192100000
1359368133,18.134760000000,2.018499390000
1359368133,18.079800000000,17.921500610000
1359368141,18.144700000000,0.970402720000
1359368146,18.144700000000,3.340568770000
1359368213,18.064540000000,0.010000000000
1359368285,18.133100000000,0.110000000000
1359368290,18.100300000000,0.010000000000
1359368327,18.100300000000,0.300135990000
1359368357,18.146800000000,0.868915940000
1359368357,18.168000000000,0.063313410000
1359368357,18.168500000000,0.029250810000
1359368357,18.173340000000,0.013812830000
1359368357,18.173580000000,0.024050140000
1359368357,18.177640000000,0.026455150000
1359368357,18.179230000000,0.019768620000
1359368357,18.180900000000,0.014839260000
1359368357,18.181450000000,0.035393480000
1359368357,18.181910000000,0.084785620000
1359368357,18.182770000000,0.011113090000
1359368357,18.183020000000,0.047206720000
1359368357,18.183220000000,0.010097670000
1359368358,18.187590000000,0.016282780000
1359368358,18.189970000000,0.017925700000
1359368358,18.191010000000,0.012212520000
1359368358,18.191990000000,0.051927390000
1359368358,18.192850000000,0.069326060000
1359368358,18.193920000000,0.021711540000
1359368358,18.196980000000,0.038843700000
1359368358,18.199400000000,0.031883410000
1359368358,18.200000000000,6.051472000000
1359368358,18.200220000000,14.277637850000
1359368361,18.100290000000,0.040000000000
1359368361,18.100300000000,0.010000000000
1359368404,18.100300000000,15.703000000000
1359368455,18.064540000000,5.000000000000
1359368455,18.049110000000,5.000000000000
1359368455,18.039810000000,11.470000000000
1359368460,18.039810000000,10.870000000000
1359368462,18.039810000000,3.000000000000
1359368511,18.039820000000,0.010000000000
1359368600,18.191740000000,0.010000000000
1359368603,18.052730000000,0.010000000000
1359368656,18.052730000000,1.000000000000
1359368664,18.043020000000,0.010000000000
1359368767,18.176360000000,1.000000000000
1359368768,18.043020000000,0.010000000000
1359368773,18.042020000000,0.010000000000
1359368980,18.042020000000,50.000000000000
1359369002,18.042030000000,0.930308120000
1359369135,18.133890000000,7.950000000000
1359369155,18.133070000000,5.000000000000
1359369166,18.172990000000,16.397700000000
1359369226,18.172980000000,0.063136790000
1359369235,18.140050000000,4.000000000000
1359369267,18.172970000000,19.106200000000
1359369278,18.172970000000,0.031659420000
1359369280,18.172970000000,0.031659420000
1359369307,18.136450000000,4.000000000000
1359369453,18.136450000000,1.000000000000
1359369453,18.133890000000,12.099439050000
1359369453,18.133870000000,20.000000000000
1359369474,18.099890000000,5.000000000000
1359369485,18.084450000000,5.000000000000
1359369485,18.069020000000,5.000000000000
1359369485,18.053590000000,1.750000000000
1359369498,18.099890000000,5.000000000000
1359369512,18.129980000000,10.159436310000
1359369514,18.129980000000,4.649233570000
1359369516,18.129980000000,1.403821640000
1359369516,18.130000000000,3.761993430000
1359369560,18.130000000000,7.870000000000
1359369585,18.100010000000,1.279396000000
1359369635,18.130000000000,0.100000000000
1359369738,18.130000000000,27.404390160000
1359369861,18.100010000000,0.639426440000
1359370019,18.100010000000,0.088400000000
1359370022,18.130000000000,2.000000000000
1359370079,18.129900000000,3.892200000000
1359370115,18.129000000000,6.600412200000
1359370115,18.129900000000,11.599587800000
1359370162,18.129900000000,22.908212200000
1359370163,18.129920000000,2.007183690000
1359370248,18.129920000000,9.990000000000
1359370263,18.130000000000,15.764177360000
1359370263,18.136440000000,14.900000000000
1359370263,18.147240000000,0.059000000000
1359370263,18.172970000000,0.000080000000
1359370263,18.173000000000,20.000000000000
1359370263,18.188990000000,59.940500000000
1359370264,18.190000000000,0.500000000000
1359370264,18.198660000000,0.027749100000
1359370264,18.200000000000,0.110000000000
1359370264,18.200000000000,0.110000000000
1359370264,18.200000000000,0.110000000000
1359370264,18.200000000000,72.632900000000
1359370276,18.129930000000,0.010000000000
1359370287,18.188980000000,3.640845810000
1359370287,18.200000000000,0.359154190000
1359370289,18.129940000000,0.010000000000
1359370311,18.129930000000,0.010000000000
1359370331,18.129930000000,98.000000000000
1359370397,18.199990000000,15.280000000000
1359370419,18.199990000000,0.200000000000
1359370576,18.199900000000,6.181500000000
1359370587,18.199960000000,10.000000000000
1359370603,18.199960000000,50.000000000000
1359370620,18.199960000000,22.520038750000
1359370620,18.200000000000,27.007945810000
1359370634,18.202250000000,0.020845890000
1359370635,18.203710000000,0.022931620000
1359370635,18.205000000000,0.300000000000
1359370638,18.205010000000,0.502312630000
1359370667,18.207000000000,5.110953470000
1359370668,18.154950000000,0.010000000000
1359370687,18.190000000000,0.251156320000
1359370694,18.190000000000,0.376734480000
1359370695,18.154940000000,0.010000000000
1359370702,18.190000000000,0.448604270000
1359370702,18.154940000000,4.990000000000
1359370702,18.139510000000,5.000000000000
1359370702,18.129920000000,0.310546320000
1359370702,18.129900000000,0.917517640000
1359370702,18.124070000000,5.000000000000
1359370702,18.108640000000,5.000000000000
1359370703,18.094200000000,59.983700000000
1359370703,18.093200000000,5.000000000000
1359370703,18.077770000000,5.000000000000
1359370703,18.062340000000,5.000000000000
1359370703,18.046900000000,3.798236040000
1359370708,18.176400000000,0.784403850000
1359370720,18.176400000000,0.129443720000
1359370721,18.176400000000,0.010000000000
1359370737,18.130350000000,0.010000000000
1359370759,18.190000000000,2.902500000000
1359370760,18.130350000000,0.010000000000
1359370838,18.190000000000,1.021004930000
1359370839,18.190000000000,5.000000000000
1359370886,18.206990000000,0.327000000000
1359371030,18.190010000000,0.265395070000
1359371033,18.130350000000,0.010000000000
1359371064,18.190000000000,0.010000000000
1359371066,18.141010000000,0.010000000000
1359371066,18.190000000000,0.010000000000
1359371067,18.190000000000,0.010000000000
1359371068,18.190000000000,0.010000000000
1359371068,18.190000000000,0.010000000000
1359371069,18.190000000000,0.010000000000
1359371070,18.190000000000,0.010000000000
1359371070,18.190000000000,0.010000000000
1359371071,18.141010000000,0.010000000000
1359371071,18.190000000000,0.010000000000
1359371071,18.190000000000,0.010000000000
1359371076,18.141010000000,0.010000000000
1359371101,18.190000000000,0.010000000000
1359371101,18.141010000000,0.010000000000
1359371102,18.190000000000,0.010000000000
1359371103,18.190000000000,0.010000000000
1359371103,18.190000000000,0.010000000000
1359371104,18.190000000000,0.010000000000
1359371105,18.190000000000,0.010000000000
1359371106,18.151010000000,0.010000000000
1359371137,18.190000000000,0.010000000000
1359371138,18.161010000000,0.010000000000
1359371138,18.190000000000,0.010000000000
1359371141,18.190000000000,0.774604930000
1359371142,18.207000000000,0.547290710000
1359371142,18.208760000000,0.030522730000
1359371142,18.209980000000,0.327312870000
1359371142,18.209980000000,0.010000000000
1359371153,18.209980000000,0.010000000000
1359371156,18.161010000000,0.010000000000
1359371157,18.209980000000,0.010000000000
1359371158,18.150000000000,0.010000000000
1359371159,18.209980000000,0.010000000000
1359371161,18.150010000000,0.010000000000
1359371170,18.161010000000,1.067827640000
1359371176,18.161010000000,1.601741460000
1359371176,18.150000000000,0.010000000000
1359371289,18.150010000000,5.880460230000
1359371289,18.150000000000,4.353194870000
1359371291,18.161010000000,3.500000000000
1359371947,18.150000000000,0.440000000000
1359372245,18.150000000000,0.186805130000
1359372245,18.150000000000,0.813194870000
1359372417,18.150000000000,0.225000000000
1359372560,18.161010000000,0.381597160000
1359372626,18.161010000000,8.000000000000
1359372644,18.160000000000,3.000000000000
1359372652,18.159990000000,13.771012170000
1359372685,18.161010000000,10.021500000000
1359372702,18.161010000000,0.022937050000
1359372757,18.161010000000,22.842396690000
1359372758,18.170000000000,3.157603310000
1359372775,18.150000000000,0.800000000000
1359372786,18.150000000000,0.197468880000
1359372961,18.169990000000,7.518081290000
1359372961,18.198900000000,25.000000000000
1359372961,18.200000000000,3.637046000000
1359372961,18.205000000000,50.000000000000
1359372961,18.209980000000,0.632687130000
1359372961,18.209990000000,0.200000000000
1359372961,18.209990000000,1.656178830000
1359372962,18.210000000000,0.200000000000
1359372962,18.210000000000,0.056958800000
1359372962,18.213050000000,59.970400000000
1359372962,18.214050000000,0.025221740000
1359372962,18.215700000000,0.081493290000
1359372962,18.216120000000,0.076930000000
1359372962,18.216120000000,0.062700000000
1359372962,18.216120000000,0.015640000000
1359372962,18.216310000000,0.040637280000
1359372962,18.218250000000,0.033578100000
1359372962,18.218430000000,0.049181420000
1359372962,18.220000000000,0.250000000000
1359372962,18.220000000000,0.056925200000
1359372962,18.221300000000,0.031013640000
1359372963,18.222750000000,0.059526760000
1359372963,18.223000000000,11.426407280000
1359373007,18.222990000000,0.050232290000
1359373007,18.222990000000,1.654997340000
1359373007,18.223000000000,6.069365410000
1359373010,18.223000000000,4.298414090000
1359373012,18.150020000000,0.010000000000
1359373049,18.160020000000,23.873274430000
1359373049,18.160010000000,30.000000000000
1359373049,18.160010000000,18.000000000000
1359373049,18.150000000000,1.964336250000
1359373049,18.131480000000,5.000000000000
1359373051,18.117050000000,1.162389320000
1359373069,18.222980000000,0.550000000000
1359373070,18.131490000000,0.010000000000
1359373341,18.151510000000,6.590444640000
1359373341,18.141480000000,23.409555360000
1359373401,18.141490000000,9.136526680000
1359373401,18.141480000000,20.863473320000
1359373493,18.221980000000,1.000000000000
1359373613,18.221490000000,0.104000000000
1359373613,18.131490000000,10.812845030000
1359373613,18.131480000000,5.000000000000
1359373614,18.131480000000,4.000000000000
1359373614,18.116050000000,5.000000000000
1359373614,18.101610000000,15.187154970000
1359373659,18.221490000000,5.021114000000
1359373690,18.125700000000,6.608940830000
1359373690,18.125690000000,4.990000000000
1359373690,18.125690000000,7.000000000000
1359373690,18.110260000000,5.000000000000
1359373690,18.101610000000,26.401059170000
1359373986,18.198980000000,2.747400000000
1359373990,18.150620000000,5.000000000000
1359373993,18.150610000000,5.000000000000
1359374046,18.142450000000,4.000000000000
1359374046,18.132450000000,6.280930000000
1359374046,18.126560000000,4.000000000000
1359374046,18.102370000000,5.000000000000
1359374047,18.090000000000,80.719070000000
1359374101,18.132450000000,2.195556550000
1359374117,18.132450000000,0.804443450000
1359374117,18.112370000000,9.195556550000
1359374118,18.112370000000,0.350000000000
1359374118,18.112370000000,0.300000000000
1359374119,18.132400000000,0.466000000000
1359374119,18.132400000000,0.452702880000
1359374119,18.112370000000,0.667297120000
1359374159,18.150590000000,1.000000000000
1359374303,18.112370000000,4.000000000000
1359374303,18.100000000000,26.000000000000
1359374371,18.150580000000,1.000000000000
1359374412,18.150580000000,8.450000000000
1359374484,18.150570000000,0.208000000000
1359374669,18.150560000000,10.000000000000
1359374757,18.150560000000,1.652892560000
1359374829,18.100010000000,3.000000000000
1359375000,18.150560000000,25.470632010000
1359375000,18.150560000000,24.529367990000
1359375000,18.100010000000,10.123837720000
1359375000,18.100000000000,6.000000000000
1359375000,18.090000000000,8.985306240000
1359375000,18.080550000000,0.131488050000
1359375033,18.150560000000,13.123828110000
1359375033,18.150560000000,13.063458500000
1359375033,18.100000000000,6.000000000000
1359375034,18.080550000000,3.166541500000
1359375034,18.150560000000,4.944100670000
1359375035,18.150560000000,8.758182900000
1359375035,18.080550000000,1.691970450000
1359375035,18.071210000000,7.025924810000
1359375047,18.150560000000,10.110429820000
1359375057,18.072210000000,10.063921840000
1359375064,18.150570000000,8.200539100000
1359375064,18.150610000000,1.041110610000
1359375096,18.150610000000,38.958889390000
1359375113,18.150610000000,11.041110610000
1359375121,18.191300000000,0.915028070000
1359375121,18.199000000000,0.462382400000
1359375207,18.190000000000,1.000000000000
1359375219,18.190010000000,1.911500000000
1359375220,18.199000000000,1.000000000000
1359375422,18.198000000000,0.200000000000
1359375432,18.198010000000,20.000000000000
1359375436,18.198010000000,10.121400000000
1359375436,18.151550000000,5.000000000000
1359375436,18.136110000000,5.000000000000
1359375436,18.121680000000,36.815559570000
1359375486,18.149350000000,5.000000000000
1359375486,18.133920000000,5.000000000000
1359375592,18.142190000000,2.800000000000
1359375593,18.142190000000,0.010000000000
1359375656,18.198000000000,1.000000000000
1359375664,18.199000000000,18.007617600000
1359375664,18.200000000000,1.234032110000
1359375679,18.200000000000,4.004926920000
1359375683,18.142200000000,0.010000000000
1359375703,18.142200000000,3.000000000000
1359375801,18.199990000000,0.855225770000
1359375801,18.200000000000,19.761040970000
1359375801,18.200000000000,15.483733260000
1359375802,18.150010000000,0.010000000000
1359375837,18.200000000000,3.874680000000
1359375841,18.150020000000,0.010000000000
1359375919,18.199990000000,0.501489320000
1359375919,18.200000000000,0.218510680000
1359376006,18.200000000000,28.807100000000
1359376069,18.190000000000,25.000000000000
1359376069,18.200000000000,52.615976060000
1359376069,18.218000000000,3.500000000000
1359376069,18.220500000000,0.050000000000
1359376069,18.220600000000,0.100000000000
1359376069,18.220700000000,0.400000000000
1359376069,18.220800000000,0.400000000000
1359376069,18.220900000000,0.400000000000
1359376069,18.221000000000,0.500000000000
1359376069,18.221100000000,0.500000000000
1359376069,18.221200000000,0.500000000000
1359376069,18.221300000000,0.500000000000
1359376069,18.221400000000,0.500000000000
1359376069,18.221500000000,0.500000000000
1359376070,18.222990000000,1.654997340000
1359376070,18.223000000000,19.205813220000
1359376070,18.223000000000,0.110000000000
1359376070,18.223000000000,0.110000000000
1359376070,18.223000000000,0.110000000000
1359376070,18.223000000000,0.110000000000
1359376070,18.223700000000,0.036942560000
1359376070,18.224010000000,0.041305420000
1359376070,18.224670000000,0.034112690000
1359376070,18.226390000000,0.110000000000
1359376070,18.226980000000,0.054106620000
1359376070,18.227390000000,0.090304030000
1359376070,18.229990000000,0.200000000000
1359376070,18.230000000000,0.200000000000
1359376071,18.230000000000,0.056892100000
1359376071,18.234740000000,0.044704450000
1359376071,18.236660000000,0.045394200000
1359376071,18.237120000000,0.037494910000
1359376071,18.237170000000,0.110000000000
1359376071,18.237170000000,0.110000000000
1359376071,18.237170000000,0.110000000000
1359376071,18.237170000000,0.110000000000
1359376071,18.238350000000,0.505160000000
1359376071,18.239860000000,0.110000000000
1359376071,18.239860000000,0.110000000000
1359376071,18.240000000000,0.250000000000
1359376071,18.240000000000,0.056858600000
1359376071,18.240000000000,0.110000000000
1359376071,18.240000000000,0.110000000000
1359376071,18.240000000000,3.200000000000
1359376071,18.240370000000,0.041219230000
1359376071,18.240860000000,0.110000000000
1359376071,18.240860000000,0.110000000000
1359376071,18.241860000000,0.110000000000
1359376071,18.241860000000,0.110000000000
1359376072,18.245000000000,59.963500000000
1359376072,18.246000000000,0.110000000000
1359376072,18.246360000000,0.110000000000
1359376072,18.246360000000,0.110000000000
1359376072,18.246970000000,0.110000000000
1359376072,18.247000000000,4.977000000000
1359376072,18.247000000000,0.110000000000
1359376072,18.247000000000,0.110000000000
1359376072,18.247000000000,0.110000000000
1359376072,18.247000000000,0.110000000000
1359376072,18.247140000000,0.072045640000
1359376073,18.247970000000,7.693574940000
1359376100,18.160010000000,0.010000000000
1359376186,18.160010000000,9.552639580000
1359376186,18.160000000000,6.000000000000
1359376186,18.160000000000,0.500500000000
1359376186,18.139040000000,5.000000000000
1359376187,18.133450000000,18.946860420000
1359376233,18.139050000000,14.299162110000
1359376250,18.189980000000,9.595969990000
1359376250,18.189990000000,1.657999810000
1359376250,18.244650000000,8.772830970000
1359376307,18.191760000000,1.000000000000
1359376348,18.244620000000,1.370300000000
1359376591,18.229990000000,0.000303340000
1359376608,18.191760000000,0.050423200000
1359376673,18.191760000000,1.507190330000
1359376673,18.191750000000,6.000000000000
1359376737,18.191740000000,15.468097680000
1359376737,18.191750000000,1.965254020000
1359376742,18.140010000000,0.010000000000
1359376819,18.191740000000,0.019458890000
1359376819,18.191750000000,0.527555650000
1359376820,18.200000000000,5.415270870000
1359376827,18.150010000000,0.010000000000
1359376834,18.150020000000,0.010000000000
1359376862,18.150020000000,0.290000000000
1359376934,18.199990000000,0.261901100000
1359376934,18.200000000000,4.584729130000
1359376934,18.230000000000,5.000000000000
1359376934,18.239000000000,0.994321620000
1359376937,18.160030000000,0.010000000000
1359377016,18.170040000000,19.000000000000
1359377034,18.229990000000,0.033213730000
1359377034,18.230000000000,4.706686270000
1359377178,18.229990000000,10.970900000000
1359377209,18.230000000000,5.293313730000
1359377209,18.244630000000,1.653034340000
1359377209,18.245650000000,0.045289290000
1359377209,18.247970000000,0.306425060000
1359377209,18.247970000000,3.000000000000
1359377209,18.248000000000,0.672837580000
1359377226,18.229980000000,8.010728730000
1359377233,18.229990000000,2.960171270000
1359377235,18.141010000000,0.010000000000
1359377268,18.140010000000,0.010000000000
1359377297,18.239990000000,0.090605860000
1359377297,18.240000000000,10.000000000000
