1324346644,3.512180000000,3.000000000000
1324346644,3.512280000000,0.029740000000
1324346657,3.512280000000,3.000000000000
1324346694,3.512280000000,11.053180500000
1324346694,3.510100000000,0.019300000000
1324346694,3.510000000000,0.096917440000
1324346712,3.510000000000,3.410000000000
1324346760,3.525310000000,0.647120000000
1324346802,3.525000000000,8.000000000000
1324346802,3.525210000000,3.000000000000
1324346802,3.525410000000,0.023440000000
1324346802,3.526060000000,8.080000000000
1324346802,3.527120000000,8.160800000000
1324346802,3.528000000000,30.656086700000
1324346803,3.528000000000,11.270000000000
1324346803,3.528180000000,8.242410000000
1324346803,3.528300000000,4.940000000000
1324346803,3.528830000000,0.038370000000
1324346803,3.528840000000,0.043260000000
1324346803,3.529240000000,8.324830000000
1324346803,3.530000000000,10.000000000000
1324346803,3.530200000000,0.310100000000
1324346803,3.530300000000,8.408080000000
1324346803,3.531360000000,8.492160000000
1324346803,3.532420000000,8.577080000000
1324346803,3.533480000000,8.662850000000
1324346803,3.535450000000,0.013820000000
1324346804,3.536980000000,0.056290000000
1324346804,3.537550000000,0.050190000000
1324346804,3.538350000000,0.131800000000
1324346804,3.538890000000,3.959850000000
1324346804,3.539000000000,36.270000000000
1324346805,3.539320000000,0.106740000000
1324346805,3.540000000000,0.920000000000
1324346805,3.540000000000,2.000000000000
1324346805,3.540100000000,0.046160000000
1324346805,3.541180000000,0.010440000000
1324346805,3.542510000000,0.036280000000
1324346805,3.543330000000,0.016950000000
1324346805,3.544030000000,0.017310000000
1324346805,3.544610000000,0.074360000000
1324346805,3.547110000000,0.990290000000
1324346805,3.548000000000,5.000000000000
1324346805,3.548450000000,1.206521700000
1324346806,3.548960000000,2.900000000000
1324346806,3.549000000000,1.000000000000
1324346807,3.549710000000,0.303551490000
1324346807,3.549800000000,0.283110000000
1324346807,3.549860000000,0.016270000000
1324346807,3.549900000000,0.050238760000
1324346807,3.550000000000,4.000000000000
1324346807,3.551790000000,0.323620000000
1324346807,3.559960000000,2.900000000000
1324346807,3.560000000000,1.000000000000
1324346807,3.560000000000,0.022116900000
1324346807,3.560000000000,0.014661700000
1324346807,3.560000000000,0.429389500000
1324346807,3.561440000000,0.093340000000
1324346807,3.562600000000,0.088610000000
1324346807,3.564830000000,3.969420000000
1324346807,3.565100000000,0.072150000000
1324346807,3.568300000000,0.430600000000
1324346807,3.569000000000,1.000000000000
1324346807,3.569960000000,5.900000000000
1324346807,3.570000000000,0.022085500000
1324346808,3.570000000000,0.014644100000
1324346808,3.570000000000,0.429402900000
1324346808,3.570000000000,0.540000000000
1324346808,3.570200000000,0.087810000000
1324346808,3.570660000000,0.348310000000
1324346808,3.570680000000,0.245560000000
1324346808,3.571490000000,0.056020000000
1324346808,3.573420000000,0.017860000000
1324346808,3.573420000000,0.136530000000
1324346808,3.573810000000,9.900000000000
1324346808,3.577000000000,58.206500000000
1324346808,3.577160000000,2.182620000000
1324346808,3.577780000000,2.044220000000
1324346808,3.578960000000,4.900000000000
1324346808,3.579990000000,65.270168360000
1324346808,3.580000000000,2.000000000000
1324346808,3.580000000000,0.022034100000
1324346809,3.580000000000,0.429030000000
1324346809,3.580000000000,0.014624200000
1324346810,3.580000000000,161.710000000000
1324346810,3.580000000000,97.765400000000
1324346810,3.580000000000,7.000000000000
1324346810,3.581290000000,0.031200000000
1324346810,3.581680000000,0.046060000000
1324346810,3.581710000000,21.813300740000
1324346810,3.581820000000,16.992381020000
1324346810,3.583000000000,16.223659810000
1324346810,3.583900000000,0.087490000000
1324346810,3.584190000000,0.314870000000
1324346810,3.584770000000,0.010200000000
1324346810,3.586340000000,0.010115830000
1324346810,3.586970000000,0.154640000000
1324346810,3.587940000000,9.900000000000
1324346810,3.589600000000,0.540460000000
1324346810,3.589690000000,1.013490000000
1324346810,3.589970000000,5.900000000000
1324346810,3.589990000000,100.000000000000
1324346810,3.590000000000,0.429004500000
1324346810,3.590000000000,0.022006500000
1324346810,3.590000000000,0.014600000000
1324346810,3.590000000000,35.000000000000
1324346810,3.590000000000,0.393300000000
1324346810,3.590000000000,5.000000000000
1324346810,3.591640000000,0.713510000000
1324346811,3.591870000000,0.200000000000
1324346811,3.592240000000,4.618190000000
1324346811,3.593390000000,0.010250000000
1324346811,3.594970000000,5.985775090000
1324346811,3.595000000000,24.000000000000
1324346811,3.595350000000,0.053650000000
1324346811,3.595690000000,0.044190000000
1324346811,3.595690000000,0.174510000000
1324346811,3.597000000000,22.800000000000
1324346811,3.597800000000,58.206500000000
1324346811,3.597900000000,215.000000000000
1324346811,3.598020000000,0.144410000000
1324346811,3.598500000000,35.000000000000
1324346811,3.598800000000,400.000000000000
1324346811,3.599000000000,29.835000000000
1324346811,3.599000000000,10.000000000000
1324346811,3.599390000000,0.420804600000
1324346811,3.599900000000,5.000000000000
1324346811,3.599920000000,3.000000000000
1324346811,3.599980000000,0.200000000000
1324346811,3.599990000000,199.400000000000
1324346811,3.599990000000,100.000000000000
1324346811,3.600000000000,0.009762530000
1324346811,3.600000000000,0.370000000000
1324346811,3.600000000000,0.319025100000
1324346811,3.600000000000,0.021978200000
1324346812,3.600000000000,0.014585500000
1324346812,3.600000000000,16.700000000000
1324346812,3.600000000000,0.330000000000
1324346812,3.600000000000,2.000000000000
1324346812,3.600000000000,1.076000000000
1324346812,3.600000000000,10.000000000000
1324346812,3.600000000000,10.000000000000
1324346812,3.600000000000,1.000000000000
1324346812,3.600000000000,1.000000000000
1324346812,3.600000000000,731.000000000000
1324346812,3.600000000000,94.563000000000
1324346812,3.600000000000,5.000000000000
1324346812,3.600000000000,0.010000000000
1324346812,3.600000000000,0.494787000000
1324346812,3.600000000000,1.000000000000
1324346812,3.600000000000,10.674000000000
1324346812,3.600000000000,25.000000000000
1324346812,3.600300000000,0.023500000000
1324346812,3.601060000000,0.040080000000
1324346812,3.601490000000,1.090702700000
1324346812,3.601730000000,0.148640000000
1324346812,3.602240000000,0.097990000000
1324346812,3.605210000000,0.011820000000
1324346812,3.605290000000,0.041650000000
1324346812,3.606670000000,0.021990000000
1324346813,3.607120000000,0.000059140000
1324346813,3.608000000000,0.200000000000
1324346813,3.608000000000,0.393300000000
1324346813,3.608540000000,0.021437200000
1324346813,3.608770000000,28.451082690000
1324346813,3.609990000000,100.000000000000
1324346813,3.610000000000,249.233910630000
1324346813,3.610000000000,0.319028700000
1324346813,3.610000000000,0.021948400000
1324346813,3.610000000000,0.014568000000
1324346813,3.610000000000,400.000000000000
1324346813,3.611920000000,0.151980000000
1324346813,3.612610000000,0.088090000000
1324346813,3.612850000000,1.071450000000
1324346813,3.612890000000,0.348080000000
1324346813,3.612890000000,0.656910000000
1324346813,3.615190000000,0.304850000000
1324346813,3.617530000000,0.072360000000
1324346813,3.619990000000,100.000000000000
1324346813,3.620000000000,1.981600000000
1324346813,3.620000000000,0.319001200000
1324346813,3.620000000000,0.021910800000
1324346814,3.620000000000,0.014548800000
1324346814,3.620000000000,1.000000000000
1324346814,3.620000000000,53.000000000000
1324346814,3.621910000000,0.021431000000
1324346814,3.623550000000,0.010000000000
1324346814,3.624120000000,5.100840000000
1324346814,3.626000000000,0.393300000000
1324346814,3.627090000000,4.437499770000
1324346814,3.629000000000,0.500000000000
1324346814,3.629000000000,150.000000000000
1324346814,3.629080000000,0.083070000000
1324346814,3.629080000000,0.230570000000
1324346814,3.629990000000,75.337624190000
1324346814,3.630000000000,0.318694200000
1324346814,3.630000000000,0.021862700000
1324346814,3.630000000000,0.014527800000
1324346814,3.630000000000,5.000000000000
1324346814,3.630000000000,3.000000000000
1324346814,3.630000000000,10.000000000000
1324346814,3.630000000000,0.700000000000
1324346814,3.633080000000,0.100000000000
1324346814,3.633080000000,10.000000000000
1324346814,3.633650000000,0.025280000000
1324346815,3.634000000000,1.988000000000
1324346815,3.635080000000,0.045630000000
1324346815,3.635270000000,0.021420500000
1324346815,3.636000000000,3.000000000000
1324346815,3.638000000000,4.536070000000
1324346815,3.638120000000,21.813300740000
1324346815,3.638900000000,20.000000000000
1324346815,3.639120000000,0.205690000000
1324346815,3.639320000000,0.203410000000
1324346815,3.639900000000,109.850657500000
1324346815,3.640000000000,0.318700200000
1324346815,3.640000000000,0.021837300000
1324346815,3.640000000000,0.014513800000
1324346815,3.640000000000,2.982000000000
1324346815,3.640000000000,157.000000000000
1324346815,3.643000000000,0.393300000000
1324346815,3.643450000000,0.037910000000
1324346815,3.645460000000,0.334620000000
1324346815,3.646000000000,2.982000000000
1324346815,3.648000000000,0.889880430000
1324346815,3.648640000000,0.021406000000
1324346816,3.649000000000,500.000000000000
1324346816,3.649300000000,22.399620000000
1324346816,3.649610000000,1.259210000000
1324346816,3.649900000000,1.000000000000
1324346816,3.649950000000,20.000000000000
1324346816,3.649980000000,0.191600000000
1324346816,3.649980000000,46.600000000000
1324346816,3.649990000000,1.000000000000
1324346816,3.650000000000,5.000000000000
1324346816,3.650000000000,0.318694600000
1324346816,3.650000000000,0.021819300000
1324346816,3.650000000000,10.800000000000
1324346816,3.650000000000,49.860000010000
1324346816,3.650000000000,0.014503700000
1324346816,3.650000000000,1.000000000000
1324346816,3.650000000000,25.000000000000
1324346816,3.650000000000,1.000000000000
1324346816,3.650000000000,29.372700000000
1324346816,3.650000000000,10.000000000000
1324346816,3.650000000000,0.250000000000
1324346816,3.650000000000,59.955801970000
1324346816,3.650000000000,10.000000000000
1324346816,3.650000000000,3.000000000000
1324346816,3.650000000000,0.040030000000
1324346817,3.650000000000,2.850000000000
1324346817,3.650000000000,1.000000000000
1324346817,3.650000000000,16.438400000000
1324346817,3.650000000000,0.010000000000
1324346817,3.650000000000,20.000000000000
1324346817,3.650000000000,7.160000000000
1324346817,3.650000000000,5.000000000000
1324346817,3.650000000000,50.000000000000
1324346817,3.650000000000,0.000934000000
1324346817,3.650000000000,49.784999990000
1324346817,3.650000000000,0.840208800000
1324346817,3.650730000000,1.228380000000
1324346817,3.651210000000,0.017900000000
1324346817,3.651600000000,1.000000000000
1324346817,3.653820000000,0.360520000000
1324346817,3.655110000000,5.000000000000
1324346817,3.657890000000,2.059160000000
1324346817,3.660000000000,0.318676700000
1324346817,3.660000000000,0.021798600000
1324346817,3.660000000000,0.014495700000
1324346817,3.660000000000,0.399500000000
1324346817,3.660000000000,0.500000000000
1324346817,3.660330000000,1241.049464580000
1324346818,3.660700000000,1.248460000000
1324346818,3.661000000000,0.393300000000
1324346818,3.662000000000,0.021389700000
1324346818,3.662070000000,0.090960000000
1324346818,3.663700000000,0.200000000000
1324346818,3.665000000000,9.940000000000
1324346818,3.665380000000,0.351190000000
1324346818,3.667030000000,0.096390000000
1324346818,3.670000000000,0.318667000000
1324346818,3.670000000000,0.021778900000
1324346818,3.670000000000,0.014482700000
1324346818,3.670000000000,10.000000000000
1324346818,3.670000000000,20.082279000000
1324346818,3.670000000000,10.000000000000
1324346818,3.675000000000,5.000000000000
1324346818,3.675370000000,9.825803910000
1324346818,3.675570000000,0.059930000000
1324346818,3.676240000000,23.059900000000
1324346818,3.677000000000,24.000000000000
1324346818,3.677620000000,0.018230000000
1324346818,3.677750000000,0.810109990000
1324346818,3.678000000000,10.000000000000
1324346818,3.678000000000,0.393300000000
1324346818,3.679000000000,10.000000000000
1324346819,3.679170000000,0.140080000000
1324346819,3.679170000000,0.312760000000
1324346819,3.680000000000,0.318669500000
1324346819,3.680000000000,0.021762500000
1324346819,3.680000000000,0.014473500000
1324346819,3.680000000000,111.500000000000
1324346819,3.680000000000,10.000000000000
1324346819,3.680000000000,8.000000000000
1324346819,3.680000000000,0.886083010000
1324346819,3.681630000000,0.115040000000
1324346819,3.682420000000,0.021366100000
1324346819,3.685000000000,10.000000000000
1324346819,3.685670000000,0.011076880000
1324346819,3.687500000000,8.800000000000
1324346819,3.687810000000,0.095310000000
1324346819,3.688000000000,1.000000000000
1324346819,3.688730000000,0.021347200000
1324346819,3.689000000000,200.000000000000
1324346819,3.689000000000,20.000000000000
1324346819,3.689990000000,15.000000000000
1324346819,3.690000000000,0.318672000000
1324346819,3.690000000000,0.021744400000
1324346820,3.690000000000,0.014466000000
1324346820,3.690000000000,100.000000000000
1324346820,3.690000000000,54.931945130000
1324346820,3.690000000000,4.390000000000
1324346820,3.690000000000,10.000000000000
1324346820,3.690000000000,3.000000000000
1324346820,3.690000000000,300.000000000000
1324346820,3.690000000000,30.703434630000
1324346820,3.690000000000,10.000000000000
1324346820,3.692000000000,0.500000000000
1324346820,3.692000000000,1.000000000000
1324346820,3.694900000000,44.100400000000
1324346820,3.695000000000,10.000000000000
1324346820,3.695000000000,150.000000000000
1324346820,3.696000000000,0.393300000000
1324346820,3.698090000000,50.000000000000
1324346820,3.699500000000,0.237200000000
1324346820,3.699500000000,2.400000000000
1324346820,3.699900000000,10.000000000000
1324346821,3.699920000000,2.000000000000
1324346821,3.699980000000,0.200000000000
1324346821,3.699990000000,49.770127390000
1324346821,3.700000000000,0.318675500000
1324346821,3.700000000000,10.800000000000
1324346821,3.700000000000,0.021732100000
1324346821,3.700000000000,0.014459400000
1324346821,3.700000000000,2.000000000000
1324346821,3.700000000000,8.280000000000
1324346821,3.700000000000,1.000000000000
1324346821,3.700000000000,1.000000000000
1324346821,3.700000000000,5.000000000000
1324346821,3.700000000000,35.545734780000
1324346821,3.700000000000,0.990000000000
1324346821,3.700000000000,0.100000000000
1324346821,3.700000000000,10.000000000000
1324346821,3.700000000000,5.000000000000
1324346821,3.700000000000,20.000000000000
1324346821,3.700000000000,0.350000000000
1324346821,3.700000000000,3.040000000000
1324346821,3.700000000000,1.000000000000
1324346821,3.700000000000,0.500000000000
1324346822,3.700000000000,6.618000000000
1324346822,3.700000000000,64.530738090000
1324346822,3.700000000000,1.000000000000
1324346822,3.700000000000,40.000000000000
1324346822,3.700000000000,5.000000000000
1324346822,3.700000000000,15.000000000000
1324346822,3.700000000000,10.000000000000
1324346822,3.700000000000,93.685495250000
1324346822,3.700000000000,50.000000000000
1324346822,3.700000000000,3.000000000000
1324346822,3.700000000000,0.190976640000
1324346822,3.700000000000,10.000000000000
1324346822,3.700000000000,1.000000000000
1324346822,3.700000000000,0.764563960000
1324346822,3.700000000000,168.000000000000
1324346822,3.700000000000,180.000000000000
1324346822,3.700000000000,29.580000000000
1324346822,3.700000000000,62.267903900000
1324346822,3.700000000000,50.000000000000
1324346822,3.700000000000,11.000000000000
1324346822,3.700360000000,0.320000000000
1324346822,3.700510000000,100.000000000000
1324346822,3.701000000000,5.000000000000
1324346822,3.701180000000,0.034170000000
1324346822,3.702100000000,0.021309400000
1324346823,3.703830000000,0.322610000000
1324346823,3.707440000000,0.125590000000
1324346823,3.709920000000,1.622792370000
1324346823,3.709990000000,0.010000000000
1324346823,3.710000000000,0.010570900000
1324346823,3.710000000000,0.020877000000
1324346823,3.710000000000,0.200000000000
1324346823,3.710000000000,2.000000000000
1324346823,3.710000000000,0.317586500000
1324346823,3.710000000000,0.100000000000
1324346823,3.710000000000,6.290343000000
1324346823,3.710140000000,0.136250000000
1324346823,3.711820000000,0.286040000000
1324346823,3.714000000000,0.393300000000
1324346823,3.715000000000,0.066290000000
1324346823,3.715170000000,0.056760000000
1324346823,3.715460000000,0.021302200000
1324346823,3.715930000000,4.887500000000
1324346823,3.716490000000,0.400140000000
1324346823,3.717680000000,10.000000000000
1324346823,3.719440000000,2.378480000000
1324346823,3.719990000000,0.010000000000
1324346823,3.720000000000,0.010566800000
1324346824,3.720000000000,0.020868800000
1324346824,3.720000000000,15.000000000000
1324346824,3.720000000000,0.200000000000
1324346824,3.720000000000,7.000000000000
1324346824,3.720000000000,5.000000000000
1324346824,3.720000000000,0.317567300000
1324346824,3.720000000000,1.000000000000
1324346824,3.720000000000,0.100000000000
1324346824,3.720000000000,263.696154650000
1324346824,3.720750000000,0.136250000000
1324346824,3.722420000000,2.000000000000
1324346824,3.728000000000,79.990000000000
1324346824,3.728830000000,0.021291800000
1324346824,3.728880000000,49.770000000000
1324346824,3.729990000000,0.010000000000
1324346824,3.730000000000,223.109437750000
1324346824,3.730000000000,0.010559300000
1324346824,3.730000000000,0.020855200000
1324346825,3.730000000000,0.400000000000
1324346825,3.730000000000,300.000000000000
1324346825,3.730000000000,0.200000000000
1324346825,3.730000000000,36.429276930000
1324346825,3.730000000000,0.317538700000
1324346825,3.730000000000,0.100000000000
1324346825,3.730520000000,6.298070000000
1324346825,3.731210000000,0.136250000000
1324346825,3.733990000000,0.111390000000
1324346825,3.734000000000,12.959277670000
1324346828,3.534540000000,0.000059410000
1324346877,3.534540000000,2.000000000000
1324346877,3.534540000000,2.000000000000
1324346878,3.534540000000,2.000000000000
1324346886,3.534540000000,2.749420590000
1324346886,3.535600000000,8.836970000000
1324346886,3.536660000000,8.925340000000
1324346886,3.537720000000,9.014590000000
1324346886,3.538780000000,4.158679410000
1324346889,3.538780000000,0.010645070000
1324346889,3.538780000000,4.935415520000
1324346889,3.541960000000,9.380630000000
1324346889,3.573420000000,0.049260000000
1324346889,3.596890000000,9.569180000000
1324346889,3.596890000000,9.664870000000
1324346890,3.629080000000,0.010653050000
1324346890,3.596890000000,9.761520000000
1324346890,3.596890000000,9.859140000000
1324346890,3.629080000000,0.010657600000
1324346891,3.629080000000,0.078759350000
1324346891,3.655400000000,0.241958990000
1324346891,3.596890000000,9.715771010000
1324346892,3.679170000000,0.144490000000
1324346892,3.700350000000,0.000059050000
1324346892,3.734000000000,107.040722330000
1324346892,3.736620000000,4.886270000000
1324346892,3.736980000000,0.200000000000
1324346892,3.739990000000,0.010000000000
1324346892,3.740000000000,0.010554000000
1324346893,3.740000000000,0.020846100000
1324346893,3.740000000000,0.200000000000
1324346893,3.740000000000,0.317516900000
1324346893,3.740000000000,50.000000000000
1324346893,3.740000000000,4.169541620000
1324346896,3.740000000000,1.000000000000
1324346896,3.655400000000,0.011376060000
1324346899,3.740000000000,2.000000000000
1324346900,3.655400000000,0.009690260000
1324346900,3.645600000000,0.095659740000
1324346902,3.645600000000,0.011890000000
1324346904,3.645600000000,0.026420000000
1324346905,3.645600000000,0.186777500000
1324346905,3.645600000000,0.021080900000
1324346905,3.635800000000,0.320766640000
1324346905,3.635800000000,0.021090020000
1324346905,3.626000000000,0.014575080000
1324346905,3.626000000000,0.321862260000
1324346906,3.626000000000,0.021949420000
1324346906,3.616200000000,0.014581950000
1324346906,3.616200000000,0.321871600000
1324346906,3.616200000000,0.021962680000
1324346906,3.606400000000,0.014589740000
1324346906,3.600000000000,1.718892210000
1324346909,3.672110000000,0.255510000000
1324346909,3.696020000000,0.015010000000
1324346909,3.704160000000,0.047630000000
1324346909,3.734000000000,10.706500000000
1324346909,3.739000000000,38.975350000000
1324346911,3.606400000000,0.056700000000
1324346913,3.606400000000,0.049990000000
1324346917,3.638200000000,0.000060460000
1324346917,3.606400000000,0.149010000000
1324346921,3.606400000000,0.066181960000
1324346921,3.606400000000,0.021981810000
1324346921,3.600000000000,0.116756230000
1324346924,3.600000000000,0.023460000000
1324346925,3.600000000000,0.076950000000
1324346926,3.600000000000,0.040010000000
1324346931,3.600000000000,1.129910000000
1324346939,3.600000000000,7.894021560000
1324346939,3.596890000000,18.057778440000
1324346940,3.596890000000,19.006435030000
1324346941,3.596600000000,0.014599230000
1324346941,3.596600000000,0.321892370000
1324346941,3.596600000000,0.021999220000
1324346941,3.591870000000,0.200000000000
1324346941,3.586800000000,0.014612620000
1324346941,3.586800000000,0.321915140000
1324346941,3.586800000000,0.022019990000
1324346943,3.577000000000,0.014620970000
1324346943,3.577000000000,0.321946230000
1324346943,3.577000000000,0.022041780000
1324346943,3.567200000000,0.014631440000
1324346943,3.567200000000,0.321964950000
1324346943,3.567200000000,0.022060850000
1324346943,3.557400000000,0.014645840000
1324346943,3.557400000000,0.321971990000
1324346943,3.557400000000,0.022087400000
1324346943,3.550000000000,1.924028550000
1324346946,3.579020000000,0.320696310000
1324346952,3.579020000000,0.010639310000
1324346953,3.579020000000,0.341704440000
1324346953,3.588610000000,3.900700000000
1324346953,3.596790000000,45.757595560000
1324346956,3.596790000000,0.200000000000
1324346962,3.565700000000,0.034060000000
1324346962,3.596790000000,5.035969410000
1324346963,3.596790000000,44.929970590000
1324346966,3.596790000000,0.021056270000
1324346987,3.551000000000,3.000000000000
1324346993,3.586630000000,0.147420000000
1324346993,3.589050000000,0.313620000000
1324346993,3.596790000000,25.048973140000
1324346993,3.596870000000,0.060300000000
1324346994,3.598970000000,0.312290000000
1324346994,3.599340000000,0.229330000000
1324346994,3.599770000000,0.315603500000
1324346994,3.599900000000,9.369271560000
1324346994,3.599900000000,4.203191800000
1324346996,3.599900000000,4.820739760000
1324346996,3.600590000000,0.027350000000
1324346996,3.603420000000,0.055350000000
1324346996,3.604100000000,0.323220000000
1324346996,3.604520000000,0.020714460000
1324346996,3.606000000000,0.010170000000
1324346997,3.607920000000,0.019010000000
1324346997,3.609630000000,0.055860000000
1324346997,3.609740000000,0.022480000000
1324346997,3.616300000000,0.331900000000
1324346997,3.616590000000,0.018400000000
1324346997,3.620260000000,4.286520000000
1324346997,3.624460000000,0.015030000000
1324346997,3.627610000000,0.341828140000
1324346997,3.638200000000,0.170829540000
1324346997,3.638230000000,0.060660000000
1324346997,3.638720000000,0.944330000000
1324346997,3.639110000000,0.018920000000
1324346997,3.639740000000,2.695350000000
1324346997,3.644890000000,0.021800000000
1324346997,3.645600000000,0.341828140000
1324346997,3.647340000000,0.041110000000
1324346997,3.650000000000,2.000000000000
1324346997,3.650160000000,0.265390000000
1324346997,3.650160000000,0.463770000000
1324346997,3.651980000000,0.151950000000
1324346997,3.653440000000,0.827050000000
1324346997,3.657180000000,0.358800000000
1324346997,3.659200000000,0.111420000000
1324346997,3.660000000000,2.000000000000
1324346997,3.660000000000,10.000000000000
1324346997,3.660000000000,2.000000000000
1324346997,3.663400000000,0.760440000000
1324346998,3.663860000000,0.016620000000
1324346998,3.664140000000,0.843140000000
1324346998,3.666460000000,0.019320000000
1324346998,3.667740000000,4.852780000000
1324346998,3.670000000000,0.450000000000
1324346998,3.670000000000,0.319377300000
1324346998,3.670390000000,0.180750000000
1324346998,3.672300000000,0.150110000000
1324346998,3.675710000000,0.020000000000
1324346998,3.676690000000,0.032850000000
1324346998,3.680000000000,0.319367000000
1324346998,3.680130000000,0.086600000000
1324346998,3.681310000000,0.048940000000
1324346998,3.682890000000,0.917750000000
1324346998,3.687090000000,0.056490000000
1324346998,3.690000000000,0.319356700000
1324346998,3.690000000000,0.021783800000
1324346998,3.694690000000,0.109360000000
1324346998,3.696020000000,0.034640000000
1324346998,3.699510000000,7.618545160000
1324347010,3.660000000000,0.319374400000
1324347010,3.663700000000,0.200000000000
1324347010,3.680000000000,0.021802000000
1324347010,3.699510000000,0.381454840000
1324347010,3.700000000000,0.319360200000
1324347010,3.700000000000,0.021771600000
1324347010,3.700000000000,10.800000000000
1324347010,3.700000000000,10.000000000000
1324347010,3.700620000000,8.080000000000
1324347010,3.701730000000,8.160800000000
1324347011,3.702840000000,8.242410000000
1324347011,3.703740000000,0.068330000000
1324347011,3.703950000000,3.384696960000
1324347050,3.585630000000,0.019184200000
1324347050,3.599650000000,0.002821710000
1324347051,3.599650000000,0.020778290000
1324347055,3.630000000000,0.021902000000
1324347055,3.630000000000,0.319392600000
1324347055,3.632210000000,0.045100000000
1324347055,3.640000000000,0.319398400000
1324347055,3.640000000000,0.021876600000
1324347056,3.641340000000,0.057940000000
1324347056,3.645600000000,9.214390400000
1324347061,3.626000000000,0.000060100000
1324347069,3.645600000000,10.000000000000
1324347074,3.626000000000,0.021932590000
1324347074,3.626000000000,0.322605470000
1324347074,3.616200000000,0.301836690000
1324347074,3.606400000000,0.322638470000
1324347074,3.606400000000,0.022025170000
1324347074,3.600200000000,2.008961610000
1324347077,3.630000000000,0.014533200000
1324347078,3.640000000000,0.014519000000
1324347078,3.645600000000,0.785609600000
1324347078,3.650000000000,0.319392700000
1324347078,3.650000000000,0.021858600000
1324347078,3.650000000000,0.014508700000
1324347078,3.650890000000,0.012500000000
1324347078,3.652320000000,0.069310000000
1324347078,3.660000000000,0.021840700000
1324347078,3.660000000000,0.014500900000
1324347078,3.670000000000,0.021821900000
1324347078,3.670000000000,0.014487900000
1324347078,3.677950000000,0.055340000000
1324347078,3.678700000000,0.054130000000
1324347078,3.680000000000,0.014478100000
1324347078,3.681050000000,0.076630000000
1324347078,3.684260000000,0.024280000000
1324347078,3.685900000000,0.316320000000
1324347078,3.687720000000,0.126390000000
1324347078,3.689180000000,0.550450000000
1324347078,3.690000000000,0.014470500000
1324347079,3.690290000000,0.010730000000
1324347079,3.699600000000,0.012430000000
1324347079,3.700000000000,0.014463800000
1324347079,3.700000000000,7.405004400000
1324347081,3.657710000000,0.194150000000
1324347081,3.675480000000,1.728710000000
1324347081,3.700000000000,8.077140000000
1324347084,3.700000000000,0.000059450000
1324347086,3.685660000000,0.017450000000
1324347086,3.700000000000,9.982550000000
1324347087,3.700000000000,10.000000000000
1324347094,3.635800000000,0.017693200000
1324347094,3.635800000000,0.018587800000
1324347094,3.645500000000,9.963719000000
1324347101,3.645500000000,10.000000000000
1324347107,3.607620000000,0.000059090000
1324347109,3.645500000000,3.242196510000
1324347109,3.659980000000,3.982640000000
1324347109,3.680160000000,0.036270000000
1324347109,3.682270000000,0.125930000000
1324347109,3.690000000000,0.021793400000
1324347109,3.691570000000,2.591170090000
1324347112,3.645500000000,3.000000000000
1324347113,3.645600000000,4.692999990000
1324347113,3.645600000000,2.307000010000
1324347118,3.609920000000,0.032160000000
1324347118,3.607620000000,0.013280910000
1324347118,3.600200000000,7.991038390000
1324347118,3.600000000000,1.963520700000
1324347119,3.645600000000,8.399499990000
1324347119,3.680000000000,0.319507800000
1324347119,3.690000000000,0.319510000000
1324347120,3.691570000000,0.961482210000
1324347123,3.691570000000,0.000056880000
1324347125,3.680000000000,0.021811600000
1324347125,3.691570000000,0.853990820000
1324347125,3.698860000000,0.184430000000
1324347125,3.700000000000,4.363246140000
1324347125,3.700000000000,4.576521440000
1324347136,3.626000000000,0.000056540000
1324347144,3.645500000000,0.000057600000
1324347150,3.626000000000,0.000057250000
1324347158,3.645500000000,0.000057600000
1324347161,3.645500000000,2.999884800000
1324347163,3.626000000000,0.000057250000
1324347168,3.693910000000,0.000056850000
1324347170,3.670000000000,0.500000000000
1324347174,3.670000000000,0.000056510000
1324347177,3.670000000000,0.500000000000
1324347178,3.670010000000,0.500000000000
1324347178,3.670010000000,0.236702600000
1324347178,3.670010000000,1.592098540000
1324347180,3.693900000000,0.000056850000
1324347181,3.670000000000,0.410000000000
1324347182,3.670000000000,0.065000000000
1324347182,3.693900000000,0.954451710000
1324347182,3.693910000000,0.071743150000
1324347182,3.693920000000,0.218133010000
1324347182,3.697980000000,49.150000000000
1324347182,3.698000000000,9.900000000000
1324347182,3.698860000000,0.184430000000
1324347182,3.699000000000,34.456500000000
1324347182,3.699500000000,153.975363940000
1324347182,3.700000000000,0.423478560000
1324347183,3.700000000000,0.319513400000
1324347183,3.700000000000,0.021782100000
1324347183,3.704680000000,0.039260000000
1324347183,3.705790000000,9.900000000000
1324347183,3.707840000000,0.199750000000
1324347183,3.709040000000,0.016790000000
1324347183,3.710000000000,0.319372200000
1324347183,3.710000000000,0.021755500000
1324347183,3.710000000000,0.014455800000
1324347183,3.710000000000,24.800000000000
1324347183,3.710000000000,1.000000000000
1324347183,3.714720000000,0.068950000000
1324347183,3.718070000000,0.170800000000
1324347183,3.718510000000,0.398040000000
1324347183,3.718520000000,0.118440000000
1324347183,3.718630000000,0.710810000000
1324347183,3.718940000000,0.454290000000
1324347183,3.719680000000,0.560560000000
1324347183,3.719840000000,0.010310000000
1324347183,3.720000000000,0.319365700000
1324347183,3.720000000000,0.021740200000
1324347184,3.720000000000,0.014449100000
1324347184,3.727820000000,0.085940000000
1324347184,3.727990000000,0.050960000000
1324347184,3.730000000000,0.319299000000
1324347184,3.730000000000,0.021723300000
1324347184,3.730000000000,0.014441100000
1324347184,3.736110000000,0.013190000000
1324347184,3.736840000000,0.031130000000
1324347184,3.736980000000,0.200000000000
1324347184,3.737040000000,0.032980000000
1324347184,3.738960000000,5.675190000000
1324347184,3.740000000000,92.830458380000
1324347184,3.740000000000,159.000000000000
1324347184,3.740000000000,4.161473080000
1324347184,3.740000000000,0.910000000000
1324347184,3.740000000000,0.319417200000
1324347184,3.740000000000,0.021712500000
1324347184,3.740000000000,0.014433700000
1324347184,3.740760000000,0.034930000000
1324347184,3.741000000000,20.000000000000
1324347184,3.741110000000,0.135250000000
1324347185,3.741300000000,6.052100000000
1324347185,3.742190000000,0.020003200000
1324347185,3.742190000000,20.000000000000
1324347185,3.742190000000,0.054957010000
1324347185,3.746240000000,4.886500000000
1324347185,3.747380000000,0.102080000000
1324347185,3.748800000000,200.000000000000
1324347185,3.749000000000,5.000000000000
1324347185,3.749000000000,0.393300000000
1324347185,3.749000000000,58.206500000000
1324347185,3.749360000000,1.000000000000
1324347185,3.749370000000,11.441000000000
1324347185,3.749400000000,3.000000000000
1324347185,3.749980000000,0.200000000000
1324347185,3.749990000000,1.000000000000
1324347185,3.749990000000,99.720000000000
1324347185,3.750000000000,477.600000000000
1324347185,3.750000000000,0.010548600000
1324347185,3.750000000000,0.020837300000
1324347185,3.750000000000,10.800000000000
1324347185,3.750000000000,5.854660000000
1324347186,3.750000000000,10.000000000000
1324347186,3.750000000000,10.000000000000
1324347186,3.750000000000,0.200000000000
1324347186,3.750000000000,50.000000000000
1324347186,3.750000000000,25.000000000000
1324347186,3.750000000000,0.170000000000
1324347186,3.750000000000,10.000000000000
1324347186,3.750000000000,20.000000000000
1324347186,3.750000000000,100.000000000000
1324347186,3.750000000000,0.317494500000
1324347186,3.750000000000,10.000000000000
1324347186,3.750000000000,1.000000000000
1324347186,3.750000000000,285.242956760000
1324347190,3.670000000000,0.300000000000
1324347197,3.670000000000,0.000056510000
1324347197,3.670000000000,0.020102180000
1324347197,3.650000000000,2.979897820000
1324347201,3.675000000000,0.021046520000
1324347201,3.650000000000,0.978953480000
1324347203,3.698340000000,0.000056780000
1324347208,3.675000000000,0.320673680000
1324347208,3.665200000000,0.021929630000
1324347209,3.665200000000,0.322611370000
1324347209,3.655400000000,0.021941390000
1324347209,3.650000000000,0.312843930000
1324347213,3.669770000000,0.000056440000
1324347216,3.689060000000,0.000056920000
1324347217,3.675000000000,0.000056580000
1324347222,3.675000000000,0.010520410000
1324347222,3.668220000000,19.989479590000
1324347223,3.668220000000,1.101070000000
1324347229,3.689050000000,0.000056920000
1324347234,3.670000000000,1.500000000000
1324347236,3.665200000000,0.000056580000
1324347237,3.680000000000,3.000000000000
1324347246,3.689050000000,0.000056920000
1324347252,3.665200000000,0.000056580000
1324347258,3.689050000000,0.000056920000
1324347259,3.680000000000,1.000000000000
1324347261,3.665200000000,0.000056580000
1324347264,3.680000000000,9.975000000000
1324347265,3.689050000000,0.000056920000
1324347269,3.680000000000,0.000056580000
1324347273,3.680000000000,2.000000000000
1324347275,3.689050000000,0.000056920000
1324347284,3.665200000000,0.000056580000
1324347286,3.680000000000,3.000000000000
1324347291,3.688950000000,0.000056920000
1324347292,3.688950000000,2.999943080000
1324347292,3.689060000000,0.350753080000
1324347292,3.694170000000,0.010320000000
1324347292,3.698340000000,0.039823220000
1324347293,3.700000000000,1.909500000000
1324347293,3.700000000000,2.328516540000
1324347299,3.700000000000,0.000056580000
1324347304,3.700000000000,0.500000000000
1324347306,3.700490000000,0.000056740000
1324347307,3.700000000000,34.254760860000
1324347307,3.700000000000,0.200000000000
1324347308,3.700000000000,0.337061720000
1324347308,3.700000000000,0.100000000000
1324347308,3.700000000000,10.000000000000
1324347308,3.700000000000,12.111866410000
1324347308,3.700000000000,0.765238460000
1324347309,3.700000000000,0.997079120000
1324347309,3.700000000000,0.100000000000
1324347313,3.700000000000,18.000000000000
1324347316,3.700000000000,0.000056400000
1324347321,3.700490000000,0.000056740000
1324347322,3.700490000000,2.328403060000
1324347322,3.700500000000,0.243310000000
1324347322,3.702320000000,0.106430000000
1324347322,3.703780000000,0.426750000000
1324347322,3.710000000000,2.983985410000
1324347322,3.710000000000,0.010000000000
1324347322,3.710000000000,1.785700560000
1324347322,3.710300000000,0.074340000000
1324347322,3.714210000000,0.010410000000
1324347322,3.722400000000,0.011890000000
1324347323,3.728260000000,0.026570000000
1324347323,3.729120000000,2.359780000000
1324347323,3.730000000000,0.021732200000
1324347323,3.736140000000,0.322500000000
1324347323,3.740000000000,0.319455600000
1324347323,3.740000000000,0.021716100000
1324347323,3.748000000000,20.393156350000
1324347323,3.749510000000,10.505087990000
1324347323,3.749810000000,8.000000000000
1324347323,3.750000000000,14.757043240000
1324347323,3.750000000000,1.000000000000
1324347323,3.750000000000,20.000000000000
1324347323,3.750000000000,35.000000000000
1324347323,3.750000000000,1.000000000000
1324347323,3.750000000000,1.000000000000
1324347323,3.750000000000,1.030000000000
1324347323,3.750000000000,0.319458600000
1324347323,3.750000000000,0.021703700000
1324347323,3.750000000000,0.014426700000
1324347324,3.750640000000,0.141000000000
1324347324,3.750680000000,10.000000000000
1324347324,3.750930000000,8.080000000000
1324347324,3.750970000000,4.866270000000
1324347324,3.751080000000,0.434110000000
1324347324,3.751340000000,0.135250000000
1324347324,3.752060000000,8.160800000000
1324347324,3.752120000000,2.356110000000
1324347324,3.753100000000,58.206500000000
1324347324,3.753190000000,8.242410000000
1324347324,3.753680000000,2.588230000000
1324347324,3.754040000000,0.023990000000
1324347324,3.754180000000,7.874140000000
1324347324,3.754300000000,0.155810000000
1324347324,3.754300000000,0.161100000000
1324347324,3.754320000000,8.324830000000
1324347324,3.755450000000,8.408080000000
1324347324,3.755560000000,0.020004000000
1324347324,3.756240000000,0.014470000000
1324347324,3.756580000000,8.492160000000
1324347324,3.756990000000,10.000000000000
1324347324,3.757600000000,0.136650000000
1324347324,3.757710000000,8.577080000000
1324347324,3.758470000000,1.000000000000
1324347325,3.758840000000,8.662850000000
1324347325,3.759970000000,8.749480000000
1324347325,3.760000000000,0.010541600000
1324347325,3.760000000000,0.021123800000
1324347325,3.760000000000,93.040000000000
1324347325,3.760000000000,0.200000000000
1324347325,3.760000000000,0.317455900000
1324347325,3.760240000000,0.400150000000
1324347325,3.761100000000,8.836970000000
1324347325,3.761610000000,0.135250000000
1324347325,3.762230000000,8.925340000000
1324347325,3.763360000000,9.014590000000
1324347325,3.764490000000,9.104740000000
1324347325,3.764660000000,0.017403940000
1324347325,3.765620000000,9.195790000000
1324347325,3.766750000000,9.287750000000
1324347325,3.766780000000,4.980000000000
1324347325,3.767880000000,9.380630000000
1324347325,3.768920000000,0.020005600000
1324347325,3.769010000000,9.474440000000
1324347325,3.770000000000,0.021073900000
1324347325,3.770000000000,0.010518300000
1324347325,3.770000000000,0.200000000000
1324347325,3.770000000000,0.317410600000
1324347326,3.770000000000,1.000000000000
1324347326,3.770000000000,300.000000000000
1324347326,3.770140000000,9.569180000000
1324347326,3.770600000000,0.023230000000
1324347326,3.771270000000,9.664870000000
1324347326,3.771940000000,0.134260000000
1324347326,3.772400000000,9.761520000000
1324347326,3.773530000000,9.859140000000
1324347326,3.774660000000,9.957730000000
1324347326,3.775000000000,0.793740000000
1324347326,3.775000000000,1.257780000000
1324347326,3.775120000000,5.000000000000
1324347326,3.775790000000,10.057310000000
1324347326,3.776920000000,10.157880000000
1324347326,3.778050000000,10.259460000000
1324347326,3.778640000000,0.364580000000
1324347326,3.779180000000,10.362050000000
1324347326,3.779390000000,0.059550000000
1324347326,3.780000000000,0.021057900000
1324347326,3.780000000000,0.010509500000
1324347326,3.780000000000,0.200000000000
1324347326,3.780000000000,1.000000000000
1324347326,3.780000000000,0.317356400000
1324347326,3.780000000000,1.000000000000
1324347326,3.780000000000,5.000000000000
1324347326,3.780000000000,10.000000000000
1324347326,3.780310000000,10.465670000000
1324347326,3.781000000000,58.206500000000
1324347326,3.781240000000,0.134260000000
1324347327,3.781370000000,0.028280000000
1324347327,3.781370000000,0.079680000000
1324347327,3.781440000000,10.570330000000
1324347327,3.781560000000,2.339360000000
1324347327,3.782000000000,31.528359050000
1324347328,3.700000000000,0.494208530000
1324347332,3.700000000000,0.000056400000
1324347334,3.700000000000,3.000000000000
1324347338,3.731920000000,0.000056270000
1324347343,3.731920000000,0.053233730000
1324347343,3.754730000000,0.643680000000
1324347343,3.782000000000,468.471640950000
1324347343,3.782290000000,0.020008000000
1324347343,3.782570000000,10.676030000000
1324347343,3.783700000000,10.782790000000
1324347343,3.783850000000,0.269940000000
1324347343,3.784000000000,0.393300000000
1324347343,3.784840000000,10.890620000000
1324347343,3.785440000000,0.390000000000
1324347343,3.785540000000,0.240000000000
1324347343,3.785980000000,10.999530000000
1324347343,3.787120000000,11.109530000000
1324347343,3.787620000000,3.112080000000
1324347343,3.787620000000,0.062240000000
1324347343,3.788260000000,11.220630000000
1324347343,3.788340000000,0.107650000000
1324347343,3.789000000000,200.000000000000
1324347343,3.789000000000,200.000000000000
1324347343,3.789400000000,11.332840000000
1324347343,3.790000000000,0.020778200000
1324347344,3.790000000000,0.010501200000
1324347344,3.790000000000,22.384409040000
1324347344,3.790000000000,3.000000000000
1324347344,3.790000000000,0.200000000000
1324347344,3.790000000000,0.543500000000
1324347344,3.790000000000,0.317298000000
1324347344,3.790000000000,4.000000000000
1324347344,3.790000000000,1.000000000000
1324347344,3.790000000000,17.747770880000
1324347349,3.704400000000,0.000055930000
1324347356,3.704400000000,0.021271830000
1324347356,3.704400000000,0.320478230000
1324347356,3.700200000000,10.000000000000
1324347356,3.700000000000,14.658249940000
1324347360,3.752230000000,0.000055960000
1324347363,3.704400000000,0.020988480000
1324347365,3.700000000000,4.057442280000
1324347368,3.700200000000,0.320475170000
1324347368,3.700200000000,0.010586490000
1324347371,3.700200000000,0.010595290000
1324347372,3.700000000000,0.000055620000
1324347374,3.700200000000,9.658343050000
1324347374,3.704400000000,11.979011520000
1324347374,3.704400000000,0.341805990000
1324347374,3.710000000000,2.000000000000
1324347374,3.752230000000,0.022154040000
1324347374,3.755020000000,0.038200000000
1324347374,3.789990000000,0.955218980000
1324347374,3.790000000000,45.005266420000
1324347386,3.730000000000,0.000056300000
1324347397,3.705010000000,0.000055960000
1324347397,3.729990000000,9.271483460000
1324347397,3.730000000000,1.999943700000
1324347398,3.731820000000,3.000000000000
1324347399,3.731920000000,0.177526900000
1324347403,3.750000000000,0.000056000000
1324347407,3.730000000000,0.000055660000
1324347410,3.731920000000,1.000000000000
1324347411,3.731920000000,1.488107310000
1324347413,3.750000000000,0.000056000000
1324347414,3.731920000000,2.344466730000
1324347414,3.731920000000,8.794245270000
1324347414,3.731920000000,0.500000000000
1324347415,3.731920000000,0.500000000000
1324347415,3.750000000000,0.340000000000
1324347418,3.731920000000,0.000055660000
1324347421,3.731920000000,25.107371000000
1324347422,3.731920000000,0.000056270000
1324347428,3.720210000000,0.000055930000
1324347428,3.731820000000,0.380000000000
1324347431,3.731820000000,0.000056270000
1324347435,3.720200000000,0.000055930000
1324347437,3.731820000000,2.619943730000
1324347439,3.731920000000,0.000056270000
1324347440,3.731920000000,0.410000000000
1324347442,3.731820000000,0.000055930000
1324347444,3.731820000000,1.000000000000
1324347446,3.731920000000,0.000056270000
1324347452,3.731820000000,0.000055930000
1324347457,3.731920000000,0.000056270000
1324347459,3.731830000000,45.000000000000
1324347459,3.731820000000,10.386291400000
1324347459,3.731820000000,30.000000000000
1324347463,3.720200000000,0.000055930000
1324347468,3.731820000000,0.000056270000
1324347474,3.730000000000,0.000055930000
1324347475,3.730000000000,0.409944070000
1324347475,3.720200000000,0.100925930000
1324347479,3.720210000000,0.000056440000
1324347481,3.720210000000,0.799943560000
1324347482,3.720200000000,9.898962210000
1324347486,3.700000000000,0.000056100000
1324347490,3.720200000000,0.000056440000
1324347499,3.700010000000,0.000056100000
1324347504,3.720000000000,0.000056450000
1324347507,3.700010000000,0.899736100000
1324347507,3.700010000000,10.889873270000
1324347508,3.700010000000,5.434000000000
1324347508,3.700010000000,39.897000000000
1324347511,3.700000000000,0.000056110000
1324347512,3.700010000000,42.879390630000
1324347518,3.720000000000,0.000056450000
1324347523,3.701000000000,24.517609370000
1324347523,3.700000000000,10.786578370000
1324347524,3.700000000000,14.909000000000
1324347524,3.700000000000,12.397000000000
1324347524,3.694600000000,0.021288850000
1324347524,3.694600000000,0.320588920000
1324347524,3.694600000000,0.010604600000
1324347527,3.684800000000,0.000056110000
1324347533,3.690000000000,0.000056910000
1324347538,3.690000000000,14.927000000000
1324347540,3.684800000000,0.000056570000
1324347546,3.690000000000,0.000056910000
1324347553,3.684800000000,0.000056570000
1324347557,3.684800000000,0.021165790000
1324347557,3.684800000000,0.320634680000
1324347557,3.684800000000,0.010625930000
1324347557,3.682040000000,0.073186680000
1324347557,3.680200000000,10.000000000000
1324347560,3.680000000000,0.000057060000
1324347565,3.675000000000,0.000056720000
1324347570,3.680000000000,0.000057060000
1324347574,3.675000000000,0.000056720000
1324347581,3.680000000000,0.000057060000
1324347584,3.675100000000,100.000000000000
1324347589,3.675000000000,0.000056720000
1324347591,3.680000000000,89.574215740000
1324347591,3.690000000000,22.110216070000
1324347591,3.695000000000,88.315568190000
1324347594,3.695000000000,0.000056830000
1324347607,3.675000000000,0.000056490000
1324347608,3.695000000000,11.684374980000
1324347608,3.719900000000,3.000000000000
1324347609,3.719900000000,15.367482250000
1324347609,3.719900000000,17.743796000000
1324347609,3.720000000000,3.999887100000
1324347609,3.720200000000,100.000000000000
1324347609,3.730000000000,0.000055930000
1324347612,3.730000000000,11.600000000000
1324347617,3.731820000000,0.000056270000
1324347626,3.730000000000,0.133145200000
1324347627,3.730000000000,3.000000000000
1324347628,3.730000000000,33.471258540000
1324347632,3.675000000000,0.000055930000
1324347633,3.731820000000,14.613596060000
1324347633,3.731820000000,5.386403940000
1324347638,3.719900000000,0.000056450000
1324347647,3.680000000000,0.000056110000
1324347655,3.719000000000,0.000056460000
1324347655,3.719000000000,24.228800000000
1324347658,3.680000000000,0.000056120000
1324347664,3.719000000000,0.000056460000
1324347670,3.680000000000,0.000056120000
1324347675,3.700000000000,0.000056750000
1324347692,3.680210000000,0.000056410000
1324347699,3.730000000000,0.000056300000
1324347704,3.682030000000,0.000055960000
1324347707,3.730000000000,0.000056300000
1324347713,3.681000000000,0.000055960000
1324347718,3.729900000000,0.000056300000
1324347722,3.682030000000,0.000055960000
1324347725,3.700000000000,0.383000000000
1324347725,3.729900000000,2.999943700000
1324347725,3.730000000000,0.284887400000
1324347725,3.731800000000,4.692999990000
1324347725,3.731800000000,10.706500000000
1324347725,3.731800000000,18.365868910000
1324347728,3.731800000000,0.000056270000
1324347734,3.687210000000,0.000055930000
1324347741,3.729000000000,0.000056310000
1324347747,3.687210000000,0.000055970000
1324347754,3.729000000000,0.000056310000
1324347762,3.687210000000,0.000055970000
1324347768,3.729000000000,0.000056310000
1324347773,3.687210000000,0.000055970000
1324347776,3.729000000000,0.000056310000
1324347780,3.687210000000,0.000055970000
1324347785,3.729000000000,0.000056310000
1324347791,3.689500000000,0.000055970000
1324347797,3.729000000000,0.000056310000
1324347800,3.689500000000,0.000055970000
1324347803,3.705000000000,0.000056680000
1324347807,3.689500000000,0.000056340000
1324347810,3.689510000000,1.000000000000
1324347812,3.705000000000,0.000056680000
1324347816,3.689500000000,0.000056340000
1324347820,3.705000000000,0.999886640000
1324347822,3.710000000000,0.000056600000
1324347823,3.705000000000,14.000113360000
1324347823,3.691260000000,0.012820000000
1324347825,3.690000000000,10.682424610000
1324347828,3.689500000000,0.000056260000
1324347831,3.690000000000,0.000056910000
1324347833,3.690000000000,1.997680000000
1324347837,3.687210000000,0.000056570000
1324347845,3.690000000000,0.000056910000
1324347849,3.687210000000,0.000056570000
1324347853,3.690000000000,0.000056910000
1324347856,3.689500000000,0.017869120000
1324347859,3.686000000000,0.000056570000
1324347863,3.689500000000,0.000056910000
1324347872,3.687210000000,0.000056570000
1324347879,3.690000000000,0.000056910000
1324347881,3.689500000000,2.000000000000
1324347881,3.689500000000,2.100000000000
1324347883,3.688830000000,0.000056570000
1324347890,3.690000000000,0.000056910000
1324347892,3.689200000000,2.205000000000
1324347892,3.688830000000,2.315193430000
1324347892,3.688460000000,2.431010000000
1324347892,3.688090000000,2.552560000000
1324347892,3.687720000000,2.680190000000
1324347892,3.687350000000,2.814200000000
1324347892,3.687210000000,0.017270480000
1324347892,3.686980000000,2.954910000000
1324347892,3.686610000000,3.102660000000
1324347892,3.686240000000,3.257790000000
1324347892,3.686000000000,1.999943430000
1324347892,3.685870000000,3.420680000000
1324347892,3.685500000000,2.248592660000
1324347898,3.685130000000,0.000056570000
1324347904,3.690000000000,0.000056910000
1324347913,3.685130000000,0.000056570000
1324347916,3.685500000000,1.343117340000
1324347916,3.685130000000,3.771186860000
1324347916,3.684760000000,3.959860000000
1324347916,3.684390000000,0.261693200000
1324347920,3.689400000000,0.000056910000
1324347921,3.684390000000,0.098291010000
1324347928,3.684390000000,0.000056570000
1324347935,3.689400000000,0.000056910000
1324347936,3.689400000000,2.999886180000
1324347936,3.689500000000,11.882073970000
1324347936,3.689500000000,3.000000000000
1324347936,3.690000000000,73.306620570000
1324347940,3.690000000000,0.000056570000
1324347943,3.705000000000,0.000056680000
1324347948,3.684390000000,0.000056340000
1324347949,3.690000000000,3.000000000000
1324347953,3.705000000000,0.000056680000
1324347959,3.684390000000,0.000056340000
1324347961,3.705000000000,11.000000000000
1324347962,3.705000000000,0.000056680000
1324347965,3.690000000000,0.000056340000
1324347967,3.705000000000,0.000056680000
1324347971,3.686000000000,0.000056340000
1324347983,3.705000000000,0.000056680000
1324347987,3.690000000000,0.000056340000
1324347995,3.705000000000,0.000056680000
1324347999,3.690000000000,0.000056340000
1324348006,3.704900000000,0.000056680000
1324348009,3.690000000000,0.000056340000
1324348012,3.699900000000,0.000056750000
1324348016,3.690000000000,0.000056410000
1324348021,3.699900000000,0.000056750000
1324348026,3.690000000000,0.000056410000
1324348030,3.699900000000,0.000056750000
1324348031,3.690000000000,5.811080940000
1324348031,3.690000000000,5.433943590000
1324348032,3.690000000000,2.754975470000
1324348032,3.699900000000,0.047109740000
1324348042,3.699900000000,0.000056410000
1324348044,3.705000000000,0.000056680000
1324348050,3.699900000000,0.000056340000
1324348057,3.704900000000,0.000056680000
1324348063,3.689510000000,0.000056340000
1324348068,3.704900000000,0.000056680000
1324348072,3.699900000000,0.000056340000
1324348076,3.704900000000,0.000056680000
1324348079,3.699900000000,0.000056340000
1324348082,3.704900000000,0.000056680000
1324348087,3.699900000000,0.000056340000
1324348093,3.705000000000,0.000056680000
1324348095,3.699900000000,27.197633020000
1324348095,3.699900000000,3.000000000000
1324348098,3.690000000000,0.000056340000
1324348103,3.699900000000,0.000056340000
1324348106,3.689510000000,0.000056000000
1324348110,3.704800000000,0.000056680000
1324348112,3.690000000000,10.778625880000
1324348115,3.689510000000,0.000056340000
1324348120,3.704800000000,0.000056680000
1324348123,3.690000000000,39.221317780000
1324348123,3.690000000000,10.778682220000
1324348126,3.689510000000,0.000056340000
1324348131,3.704800000000,0.000056680000
1324348135,3.690000000000,0.000056340000
1324348138,3.704800000000,0.000056680000
1324348140,3.705000000000,3.999546560000
1324348140,3.705000000000,0.250000000000
1324348140,3.710000000000,99.999943400000
1324348140,3.721060000000,0.033020000000
1324348140,3.723720000000,0.015250000000
1324348140,3.726670000000,56.905000000000
1324348140,3.729000000000,44.999662140000
1324348140,3.731820000000,1.000000000000
1324348140,3.731920000000,0.089831190000
1324348140,3.731920000000,0.500000000000
1324348140,3.734870000000,0.053980000000
1324348140,3.734870000000,0.035610000000
1324348140,3.735000000000,1.989400000000
1324348140,3.739630000000,0.087110000000
1324348140,3.740000000000,2.000000000000
1324348140,3.741200000000,0.047150000000
1324348140,3.742170000000,0.136770000000
1324348140,3.742460000000,0.031170000000
1324348141,3.747160000000,1.075470000000
1324348141,3.749550000000,0.012270000000
1324348141,3.749680000000,0.121760000000
1324348141,3.749780000000,0.048680000000
1324348141,3.749900000000,0.046834350000
1324348141,3.750000000000,0.659888000000
1324348141,3.750000000000,1.000000000000
1324348141,3.750000000000,1.000000000000
1324348141,3.750000000000,100.000000000000
1324348141,3.750060000000,0.103580000000
1324348141,3.752610000000,0.064580000000
1324348141,3.753090000000,0.017030000000
1324348141,3.755310000000,9.900000000000
1324348141,3.755430000000,5.305069430000
1324348141,3.756210000000,0.977590000000
1324348141,3.756850000000,1.840790000000
1324348141,3.756850000000,1.858800000000
1324348141,3.757730000000,0.016530000000
1324348141,3.760000000000,0.600000000000
1324348141,3.760000000000,0.319432700000
1324348141,3.760000000000,0.021986400000
1324348141,3.760000000000,0.014418300000
1324348141,3.761440000000,0.050280000000
1324348142,3.768510000000,0.145040000000
1324348142,3.768510000000,0.031940000000
1324348142,3.769560000000,0.054910000000
1324348142,3.769560000000,0.097670000000
1324348142,3.770000000000,0.021966300000
1324348142,3.770000000000,0.319387400000
1324348142,3.770000000000,0.014411300000
1324348142,3.770420000000,0.013530000000
1324348142,3.770690000000,0.033660000000
1324348142,3.770690000000,0.056010000000
1324348142,3.773050000000,0.012410000000
1324348142,3.774040000000,0.030090000000
1324348142,3.775380000000,0.032500000000
1324348142,3.775710000000,9.900000000000
1324348142,3.780000000000,0.319333200000
1324348142,3.780000000000,0.021943600000
1324348142,3.780000000000,100.000000000000
1324348142,3.780000000000,0.014401500000
1324348142,3.780240000000,0.510470000000
1324348142,3.783000000000,53.966467240000
1324348142,3.784890000000,0.036390000000
1324348142,3.785220000000,0.096650000000
1324348142,3.789000000000,58.206500000000
1324348142,3.789750000000,0.451410000000
1324348143,3.789900000000,0.500000000000
1324348143,3.789990000000,60.608558090000
1324348143,3.790000000000,237.246962700000
1324348143,3.790000000000,20.000000000000
1324348143,3.790000000000,0.319287500000
1324348143,3.790000000000,0.021654100000
1324348143,3.790000000000,250.000000000000
1324348143,3.790000000000,0.014390700000
1324348143,3.790000000000,0.300000000000
1324348143,3.790520000000,2.068450000000
1324348143,3.790520000000,2.080760000000
1324348143,3.790600000000,0.015350000000
1324348143,3.791160000000,0.010027930000
1324348143,3.792210000000,0.133260000000
1324348143,3.793590000000,0.033100000000
1324348143,3.794360000000,0.066840000000
1324348143,3.794800000000,190.168543470000
1324348143,3.795210000000,0.286230000000
1324348143,3.795650000000,0.020010400000
1324348143,3.795940000000,0.078180000000
1324348143,3.795940000000,0.076390000000
1324348143,3.795940000000,0.096140000000
1324348144,3.796000000000,100.000000000000
1324348144,3.796120000000,9.900000000000
1324348144,3.796410000000,0.124180000000
1324348144,3.796410000000,0.100530000000
1324348144,3.797000000000,10.000000000000
1324348144,3.797990000000,6.000000000000
1324348144,3.799000000000,12.000000000000
1324348144,3.799900000000,6.175595000000
1324348144,3.799900000000,1.000000000000
1324348144,3.800000000000,10.800000000000
1324348144,3.800000000000,0.020748200000
1324348144,3.800000000000,0.010493700000
1324348144,3.800000000000,3.500000000000
1324348144,3.800000000000,0.200000000000
1324348144,3.800000000000,1.000000000000
1324348144,3.800000000000,7.430000000000
1324348144,3.800000000000,100.000000000000
1324348144,3.800000000000,10.000000000000
1324348144,3.800000000000,54.000000000000
1324348144,3.800000000000,1.000000000000
1324348144,3.800000000000,40.000000000000
1324348144,3.800000000000,40.000000000000
1324348145,3.800000000000,4.510000000000
1324348145,3.800000000000,1.000000000000
1324348145,3.800000000000,0.317238000000
1324348145,3.800000000000,1.000000000000
1324348145,3.800000000000,3.000000000000
1324348145,3.800000000000,5.000000000000
1324348145,3.800000000000,1.000000000000
1324348145,3.800000000000,10.000000000000
1324348145,3.800000000000,6.000000000000
1324348145,3.800000000000,10.000000000000
1324348145,3.800000000000,1.000000000000
1324348145,3.800000000000,25.000000000000
1324348145,3.800000000000,386.358197360000
1324348151,3.690000000000,0.000056340000
1324348158,3.704800000000,0.000056680000
1324348159,3.704800000000,2.999943320000
1324348162,3.778450000000,0.011940000000
1324348162,3.800000000000,0.988060000000
1324348163,3.724000000000,0.320414560000
1324348163,3.714200000000,0.322480380000
1324348163,3.704970000000,19.129816920000
1324348165,3.704970000000,0.000056340000
1324348166,3.800000000000,19.232426310000
1324348168,3.704970000000,13.057244410000
1324348171,3.799000000000,0.000055270000
1324348176,3.714200000000,0.000054940000
1324348183,3.779870000000,0.000052910000
1324348184,3.760000000000,0.420000000000
1324348184,3.724000000000,0.020957340000
1324348185,3.714200000000,0.021815700000
1324348185,3.710000000000,0.537226960000
1324348192,3.714200000000,0.000052590000
1324348202,3.761500000000,0.000053170000
1324348219,3.761500000000,0.009946830000
1324348219,3.762230000000,0.016420000000
1324348219,3.779870000000,1.999947090000
1324348219,3.780250000000,2.100000000000
1324348219,3.780630000000,2.205000000000
1324348219,3.781010000000,0.872086080000
1324348223,3.714200000000,0.000052850000
1324348237,3.761940000000,0.000053160000
1324348249,3.724000000000,0.000052840000
1324348255,3.737950000000,0.000053500000
1324348261,3.724010000000,0.000053180000
1324348262,3.724010000000,0.876075490000
1324348266,3.737950000000,0.000053500000
1324348270,3.724010000000,0.000053180000
1324348271,3.724010000000,99.123818150000
1324348271,3.724000000000,0.010525650000
1324348271,3.720200000000,10.000000000000
1324348271,3.714200000000,0.014400390000
1324348271,3.713000000000,54.763945590000
1324348271,3.710000000000,49.462773040000
1324348271,3.710000000000,5.681000000000
1324348271,3.710000000000,22.885000000000
1324348271,3.705020000000,0.210000000000
1324348271,3.704400000000,0.322539370000
1324348272,3.704400000000,0.022163880000
1324348272,3.704400000000,0.014516930000
1324348272,3.701200000000,28.749999990000
1324348272,3.700200000000,10.000000000000
1324348272,3.700140000000,2.000000000000
1324348272,3.700100000000,0.046570590000
1324348272,3.700000000000,11.000000000000
1324348272,3.700000000000,12.960500000000
1324348272,3.700000000000,2.677218910000
1324348272,3.699790000000,2.000000000000
1324348272,3.699770000000,2.100000000000
1324348272,3.699420000000,2.100000000000
1324348272,3.699400000000,2.205000000000
1324348272,3.699050000000,2.205000000000
1324348272,3.699030000000,0.872090000000
1324348272,3.698680000000,2.315250000000
1324348272,3.698310000000,2.431010000000
1324348272,3.697940000000,2.552560000000
1324348272,3.697570000000,2.680190000000
1324348272,3.697200000000,2.814200000000
1324348272,3.696830000000,2.954910000000
1324348272,3.696460000000,3.102660000000
1324348272,3.696090000000,3.257790000000
1324348272,3.695720000000,3.420680000000
1324348272,3.695350000000,3.591710000000
1324348272,3.695000000000,0.500000000000
1324348272,3.694980000000,3.771300000000
1324348273,3.694610000000,3.959860000000
1324348273,3.694600000000,0.322607000000
1324348273,3.694600000000,0.022187660000
1324348273,3.694600000000,0.014527030000
1324348273,3.694240000000,4.157850000000
1324348273,3.693870000000,4.365740000000
1324348273,3.693500000000,4.584030000000
1324348273,3.693130000000,4.813230000000
1324348273,3.692760000000,5.053890000000
1324348273,3.692390000000,5.306580000000
1324348273,3.692020000000,5.571910000000
1324348273,3.691650000000,5.850510000000
1324348273,3.691280000000,6.143040000000
1324348273,3.690910000000,6.450190000000
1324348273,3.690540000000,4.545910000000
1324348273,3.690000000000,39.221261440000
1324348273,3.690000000000,50.000000000000
1324348273,3.690000000000,5.000000000000
1324348273,3.690000000000,0.460000000000
1324348273,3.689510000000,2.999774980000
1324348273,3.684800000000,0.322665670000
1324348273,3.684800000000,0.022208810000
1324348273,3.684800000000,0.014534300000
1324348273,3.684030000000,22.257179110000
1324348274,3.682030000000,0.082088080000
1324348274,3.680210000000,1.285133590000
1324348274,3.680200000000,10.000000000000
1324348274,3.679200000000,0.038400000000
1324348274,3.675000000000,0.021638160000
1324348274,3.675000000000,0.322653190000
1324348274,3.675000000000,0.014542110000
1324348274,3.673560000000,0.036870000000
1324348274,3.672410000000,0.024590000000
1324348274,3.665200000000,0.014322850000
1324348274,3.665200000000,0.021934120000
1324348274,3.665200000000,0.322663020000
1324348274,3.663700000000,0.200000000000
1324348274,3.661260000000,0.028930000000
1324348274,3.661130000000,0.752370000000
1324348274,3.660730000000,0.020950000000
1324348274,3.660720000000,0.181690000000
1324348274,3.660670000000,1.976590000000
1324348274,3.657750000000,0.028200000000
1324348274,3.657400000000,70.460499990000
1324348275,3.656060000000,0.085820000000
1324348275,3.655400000000,0.322504870000
1324348275,3.655400000000,0.014556850000
1324348275,3.655400000000,0.021951260000
1324348275,3.655310000000,1.363290000000
1324348275,3.654760000000,0.113410000000
1324348275,3.652530000000,0.034130000000
1324348275,3.651810000000,2.699730000000
1324348275,3.651610000000,0.016440000000
1324348275,3.650100000000,10.000000000000
1324348275,3.650000000000,11.000000000000
1324348275,3.650000000000,1.010300000000
1324348275,3.649000000000,0.164210000000
1324348275,3.647600000000,0.034650000000
1324348275,3.646630000000,0.016750000000
1324348275,3.645600000000,0.021959290000
1324348275,3.645600000000,0.322585120000
1324348275,3.645600000000,0.014565140000
1324348275,3.645110000000,0.016930000000
1324348275,3.644960000000,0.016130000000
1324348275,3.640000000000,153.036318680000
1324348275,3.638610000000,0.096660000000
1324348275,3.635800000000,0.021975580000
1324348276,3.635800000000,0.322604620000
1324348276,3.635800000000,0.014572110000
1324348276,3.634060000000,0.769090000000
1324348276,3.630430000000,0.129410000000
1324348276,3.630200000000,10.000000000000
1324348276,3.628400000000,0.091430000000
1324348276,3.627120000000,0.063190000000
1324348276,3.626990000000,0.067910000000
1324348276,3.626910000000,20.983852880000
1324348279,3.737950000000,0.000053500000
1324348289,3.681380000000,0.000053180000
1324348299,3.724010000000,0.000053700000
1324348315,3.703030000000,0.000053380000
1324348321,3.720200000000,0.021750900000
1324348322,3.720200000000,0.021766100000
1324348324,3.720200000000,0.319518900000
1324348325,3.720200000000,5.317964100000
1324348325,3.714000000000,4.582035900000
1324348325,3.714000000000,0.319525400000
1324348327,3.724010000000,0.000053700000
1324348329,3.703020000000,0.230000000000
1324348329,3.701020000000,0.270000000000
1324348329,3.697020000000,0.033430000000
1324348329,3.696910000000,1.244313490000
1324348341,3.696910000000,0.000053380000
1324348350,3.720000000000,0.000053760000
1324348357,3.696910000000,0.000053440000
1324348369,3.720000000000,0.000053760000
1324348370,3.704020000000,0.210000000000
1324348370,3.696910000000,0.010579690000
1324348372,3.696910000000,587.952012880000
1324348372,3.710000000000,0.014457300000
1324348372,3.720000000000,126.726829820000
1324348376,3.682430000000,0.000053440000
1324348383,3.720000000000,0.000053760000
1324348388,3.700030000000,0.000053440000
1324348394,3.719000000000,0.000053770000
1324348397,3.700030000000,0.246461510000
1324348401,3.700040000000,0.000053450000
1324348407,3.718990000000,0.000053770000
1324348411,3.682430000000,0.000053450000
1324348416,3.718890000000,0.000053770000
1324348424,3.700030000000,0.000053450000
1324348432,3.720000000000,0.000053760000
1324348440,3.702010000000,0.000053440000
1324348445,3.718690000000,0.000053780000
1324348450,3.701040000000,0.000053460000
1324348455,3.718590000000,0.000053780000
1324348463,3.701040000000,0.000053460000
1324348471,3.719900000000,0.000053760000
1324348478,3.702010000000,0.000053440000
1324348486,3.719800000000,0.000053760000
1324348494,3.701040000000,0.000053440000
1324348500,3.719800000000,0.000053760000
1324348507,3.702010000000,0.000053440000
1324348512,3.719800000000,0.000053760000
1324348516,3.702010000000,0.000053440000
1324348521,3.718190000000,0.000053780000
1324348525,3.702010000000,0.000053460000
1324348527,3.718090000000,0.000053790000
1324348538,3.702010000000,0.000053470000
1324348539,3.719800000000,3.000000000000
1324348539,3.720000000000,17.000000000000
1324348542,3.720000000000,0.000053760000
1324348543,3.720000000000,5.107526880000
1324348545,3.702010000000,0.339679310000
1324348550,3.701040000000,0.000053440000
1324348554,3.720000000000,0.000053760000
1324348561,3.701040000000,0.000053440000
1324348565,3.717890000000,0.000053790000
1324348569,3.701040000000,0.000053470000
1324348572,3.720000000000,0.000053760000
1324348578,3.701140000000,0.000053440000
1324348581,3.702010000000,0.000054020000
1324348584,3.701140000000,0.000053700000
1324348588,3.702010000000,0.000054020000
1324348594,3.701140000000,0.000053700000
1324348599,3.717990000000,0.000053790000
1324348602,3.701140000000,0.000053470000
1324348607,3.702010000000,0.000054020000
1324348611,3.701140000000,0.000053700000
1324348619,3.702010000000,0.000054020000
1324348623,3.701040000000,0.000053700000
1324348629,3.715000000000,0.000053830000
1324348633,3.700030000000,0.000053510000
1324348640,3.702010000000,0.000054020000
1324348644,3.701040000000,0.000053700000
1324348648,3.702000000000,0.000054020000
1324348655,3.700030000000,0.000053700000
1324348659,3.702000000000,0.000054020000
1324348662,3.700030000000,0.000053700000
1324348664,3.701040000000,0.398556350000
1324348666,3.702000000000,0.000054020000
1324348671,3.700030000000,0.000053700000
1324348677,3.701130000000,0.000054030000
1324348681,3.701040000000,0.000053710000
1324348688,3.701130000000,0.000054030000
1324348689,3.701130000000,24.999891940000
1324348689,3.702000000000,75.000108060000
1324348692,3.701040000000,0.000053710000
1324348694,3.701040000000,0.030908120000
1324348694,3.700030000000,0.263216990000
1324348694,3.700030000000,100.000000000000
1324348695,3.700000000000,0.000054050000
1324348697,3.700000000000,2.000000000000
1324348704,3.682430000000,0.000053730000
1324348713,3.700000000000,0.000054050000
1324348717,3.687100000000,0.000053730000
1324348722,3.700000000000,0.000054050000
1324348725,3.682430000000,0.000053730000
1324348733,3.700000000000,0.000054050000
1324348736,3.687100000000,0.000053730000
1324348740,3.700000000000,0.000054050000
1324348743,3.687100000000,0.000053730000
1324348745,3.700000000000,0.000054050000
1324348748,3.687100000000,0.000053730000
1324348753,3.700000000000,0.000054050000
1324348756,3.687100000000,0.000053730000
1324348761,3.700000000000,0.000054050000
1324348763,3.687100000000,0.000053730000
1324348767,3.699900000000,0.000054050000
1324348771,3.682430000000,0.000053730000
1324348776,3.700000000000,0.000054050000
1324348781,3.687100000000,0.000053730000
1324348786,3.700000000000,0.000054050000
1324348790,3.698830000000,0.000053730000
1324348796,3.700000000000,0.000054050000
1324348801,3.698830000000,0.000053730000
1324348808,3.700000000000,0.000054050000
1324348817,3.699940000000,0.000053730000
1324348818,3.699940000000,3.000000000000
1324348820,3.700000000000,0.000054050000
1324348823,3.698830000000,0.000053730000
1324348832,3.700000000000,0.000054050000
1324348836,3.698830000000,0.000053730000
1324348842,3.700000000000,0.000054050000
1324348850,3.698830000000,0.000053730000
1324348850,3.699940000000,0.500000000000
1324348854,3.700000000000,0.000054050000
1324348858,3.697720000000,0.000053730000
1324348864,3.700000000000,0.000054050000
1324348865,3.695500000000,14.608000000000
1324348866,3.695500000000,0.489000000000
1324348867,3.695500000000,4.903000000000
1324348867,3.688840000000,30.607000000000
1324348867,3.688840000000,35.283000000000
1324348867,3.687100000000,0.027913890000
1324348867,3.686620000000,0.199086110000
1324348879,3.682430000000,0.000053730000
1324348879,3.700000000000,5.000000000000
1324348879,3.700000000000,17.705118190000
1324348879,3.700000000000,9.999891900000
1324348880,3.700000000000,0.097637660000
1324348880,3.702000000000,37.814357100000
1324348880,3.699900000000,0.140200000000
1324348883,3.702000000000,0.000054020000
1324348887,3.682430000000,0.000053700000
1324348890,3.699900000000,0.000054050000
1324348894,3.682430000000,0.000053730000
1324348900,3.702000000000,0.000054020000
1324348904,3.681380000000,0.000053700000
1324348912,3.702000000000,0.000054020000
1324348917,3.681380000000,0.000053700000
1324348921,3.702000000000,0.000054020000
1324348921,3.682430000000,0.009665470000
1324348922,3.682000000000,29.299534530000
1324348922,3.682000000000,2.191200000000
1324348924,3.682000000000,0.000053700000
1324348933,3.702000000000,0.000054020000
1324348938,3.681380000000,0.000053700000
1324348941,3.699800000000,0.000054050000
1324348944,3.683000000000,0.000053730000
1324348947,3.702000000000,0.000054020000
1324348952,3.683020000000,0.000053700000
1324348956,3.702000000000,0.000054020000
1324348961,3.681380000000,0.000053700000
1324348969,3.699800000000,0.000054050000
1324348971,3.683020000000,0.229946300000
1324348974,3.683020000000,10.000000000000
1324348974,3.683020000000,10.000000000000
1324348975,3.683020000000,10.000000000000
1324348977,3.681380000000,0.000053730000
1324348978,3.683020000000,10.000000000000
1324348978,3.683020000000,9.770053700000
1324348984,3.699800000000,0.000054050000
1324348992,3.685290000000,0.000053730000
1324349000,3.700000000000,0.000054050000
1324349002,3.685290000000,0.229892570000
1324349006,3.684180000000,0.000053730000
1324349011,3.685290000000,0.000054260000
1324349019,3.684030000000,0.000053930000
1324349020,3.685290000000,2.000000000000
1324349026,3.698000000000,0.000054080000
1324349032,3.684030000000,0.000053760000
1324349041,3.685290000000,0.000054260000
1324349044,3.684030000000,0.000053930000
1324349045,3.685290000000,1.155176120000
1324349049,3.685290000000,0.000054260000
1324349061,3.684030000000,0.000053930000
1324349066,3.685290000000,0.000054260000
1324349080,3.684180000000,0.000053930000
1324349083,3.698000000000,0.000054080000
1324349091,3.684030000000,0.000053760000
1324349094,3.685290000000,11.614714270000
1324349097,3.699700000000,0.000054050000
1324349101,3.684030000000,0.000053730000
1324349104,3.698000000000,0.000054080000
1324349108,3.684180000000,0.000053760000
1324349113,3.699700000000,0.000054050000
1324349120,3.685290000000,0.000053730000
1324349125,3.697900000000,0.000054080000
1324349128,3.685290000000,0.000053760000
1324349134,3.697900000000,0.000054080000
1324349135,3.685290000000,1.951544130000
1324349135,3.685290000000,4.048455870000
1324349142,3.685290000000,0.000053760000
1324349151,3.697900000000,0.000054080000
1324349156,3.685290000000,0.000053760000
1324349160,3.697900000000,0.000054080000
1324349163,3.685300000000,0.000053760000
1324349169,3.698000000000,0.000054080000
1324349171,3.697900000000,0.071497330000
1324349172,3.685290000000,0.000053760000
1324349173,3.697900000000,40.534675090000
1324349173,3.698000000000,59.465324910000
1324349174,3.685300000000,5.433946240000
1324349175,3.698000000000,0.000054080000
1324349180,3.685290000000,0.000053760000
1324349181,3.685290000000,6.000000000000
1324349191,3.698000000000,0.000054080000
1324349194,3.685290000000,0.000053760000
1324349198,3.698000000000,0.000054080000
1324349201,3.684180000000,0.000053760000
1324349207,3.685300000000,0.000054260000
1324349212,3.684180000000,0.000053930000
1324349216,3.698000000000,0.000054080000
1324349221,3.685290000000,0.000053760000
1324349227,3.685300000000,0.000054260000
1324349230,3.684180000000,0.000053930000
1324349249,3.697900000000,0.000054080000
1324349252,3.685290000000,0.000053760000
1324349253,3.685290000000,1.527923440000
1324349254,3.685300000000,12.397000000000
1324349254,3.685300000000,2.168945240000
1324349263,3.697900000000,0.000054080000
1324349266,3.686300000000,0.000053760000
1324349273,3.698000000000,0.000054080000
1324349277,3.685300000000,0.000053760000
1324349281,3.698000000000,0.000054080000
1324349288,3.686300000000,0.000053760000
1324349289,3.686300000000,0.570000000000
1324349291,3.698000000000,0.000054080000
1324349295,3.685300000000,0.000053760000
1324349297,3.698000000000,0.000054080000
1324349305,3.686310000000,0.000053760000
1324349321,3.698000000000,0.000054080000
1324349326,3.686310000000,0.000053760000
1324349329,3.697800000000,0.000054080000
1324349334,3.685290000000,0.000053760000
1324349335,3.686310000000,1.475500000000
1324349338,3.697800000000,0.000054080000
1324349341,3.686310000000,0.000053760000
1324349346,3.698000000000,0.000054080000
1324349350,3.685300000000,0.000053760000
1324349353,3.697800000000,0.000054080000
1324349354,3.697800000000,1.340000000000
1324349364,3.686310000000,0.000053760000
1324349367,3.698000000000,0.000054080000
1324349371,3.686310000000,0.000053760000
1324349377,3.697900000000,0.000054080000
1324349387,3.686310000000,0.000053760000
1324349396,3.698000000000,0.000054080000
1324349401,3.686310000000,0.000053760000
1324349409,3.698000000000,0.000054080000
1324349414,3.686310000000,0.000053760000
1324349419,3.698000000000,0.000054080000
1324349425,3.690020000000,0.000053760000
1324349427,3.697900000000,0.000054080000
1324349434,3.686400000000,0.000053760000
1324349436,3.697900000000,0.027000000000
1324349440,3.697900000000,0.000054080000
1324349444,3.690020000000,0.000053760000
1324349452,3.697900000000,0.000054080000
1324349456,3.686310000000,0.000053760000
1324349460,3.696310000000,0.000054100000
1324349467,3.686310000000,1.870800000000
1324349467,3.686310000000,19.720800000000
1324349469,3.686310000000,0.000053780000
1324349473,3.698000000000,0.000054080000
1324349478,3.686310000000,0.000053760000
1324349485,3.696210000000,0.000054100000
1324349489,3.686310000000,0.000053780000
1324349498,3.696210000000,0.000054100000
1324349503,3.690020000000,0.000053780000
1324349506,3.696210000000,0.000054100000
1324349517,3.690020000000,0.000053780000
1324349521,3.696210000000,0.000054100000
1324349522,3.686310000000,0.280000000000
1324349525,3.690020000000,0.000053780000
1324349530,3.696310000000,0.000054100000
1324349532,3.690020000000,0.219731140000
1324349540,3.686310000000,0.000053780000
1324349547,3.696210000000,0.000054100000
1324349551,3.686310000000,0.000053780000
1324349552,3.686310000000,6.652201060000
1324349552,3.686310000000,6.225946220000
1324349552,3.686310000000,30.000000000000
1324349552,3.686300000000,21.890000000000
1324349561,3.690010000000,0.000054200000
1324349565,3.684030000000,0.000053870000
1324349573,3.690010000000,0.000054200000
1324349576,3.685290000000,0.000053870000
1324349581,3.690010000000,0.000054200000
1324349582,3.685290000000,69.823082980000
1324349582,3.684030000000,0.319623090000
1324349582,3.682030000000,0.390000000000
1324349582,3.681380000000,0.035728290000
1324349582,3.681020000000,0.270000000000
1324349582,3.680030000000,0.290000000000
1324349582,3.680000000000,10.000000000000
1324349582,3.676400000000,0.110360000000
1324349582,3.676390000000,1.318190000000
1324349582,3.673420000000,0.070345470000
1324349582,3.671030000000,0.340000000000
1324349582,3.670030000000,0.320000000000
1324349582,3.663320000000,1.843940000000
1324349582,3.663030000000,0.459190000000
1324349582,3.661420000000,0.037330000000
1324349582,3.661030000000,0.380000000000
1324349583,3.660400000000,0.014620000000
1324349583,3.660000000000,5.000000000000
1324349583,3.656100000000,0.056060000000
1324349583,3.652870000000,0.021350000000
1324349583,3.651810000000,4.642460000000
1324349583,3.650130000000,0.011930000000
1324349583,3.650100000000,0.048106440000
1324349583,3.650030000000,0.430000000000
1324349583,3.650020000000,0.220000000000
1324349583,3.650000000000,50.000000000000
1324349597,3.649400000000,0.000053870000
1324349600,3.686300000000,0.000054250000
1324349601,3.650000000000,10.000000000000
1324349602,3.650000000000,0.021000000000
1324349604,3.649400000000,0.000053920000
1324349609,3.650000000000,0.000054790000
1324349613,3.649400000000,0.000054460000
1324349614,3.650000000000,10.000000000000
1324349620,3.650000000000,0.000054790000
1324349623,3.649400000000,0.116527750000
1324349626,3.647380000000,0.000054460000
1324349631,3.649400000000,0.000054800000
1324349636,3.647380000000,0.000054470000
1324349640,3.650000000000,0.000054790000
1324349645,3.647380000000,0.000054460000
1324349652,3.650000000000,0.000054790000
1324349653,3.649400000000,0.028300000000
1324349656,3.649270000000,0.000054460000
1324349659,3.649400000000,0.000054800000
1324349663,3.649270000000,0.000054470000
1324349667,3.649400000000,0.000054800000
1324349670,3.649170000000,0.000054470000
1324349671,3.649400000000,10.000000000000
1324349675,3.649900000000,0.000054790000
1324349678,3.649170000000,0.000054460000
1324349688,3.649900000000,0.000054790000
1324349699,3.649170000000,0.000054460000
1324349703,3.649900000000,0.000054790000
1324349707,3.649170000000,0.000054460000
1324349709,3.649400000000,3.825007850000
1324349709,3.650000000000,3.035622640000
1324349712,3.690000000000,0.000054200000
1324349714,3.650000000000,3.139369510000
1324349714,3.649900000000,2.860630490000
1324349716,3.649370000000,0.000053870000
1324349718,3.686300000000,0.000054250000
1324349721,3.649370000000,0.000053920000
1324349723,3.686300000000,0.000054250000
1324349725,3.680000000000,6.395500000000
1324349726,3.649170000000,0.000053920000
1324349729,3.680000000000,0.000054340000
1324349732,3.649170000000,0.000054010000
1324349734,3.680000000000,0.000054340000
1324349742,3.649170000000,0.000054010000
1324349746,3.699900000000,0.000054050000
1324349755,3.649370000000,0.000053730000
1324349758,3.679900000000,0.000054340000
1324349763,3.650000000000,0.000054010000
1324349768,3.679900000000,0.000054340000
1324349776,3.650100000000,0.000054010000
1324349782,3.679890000000,0.000054340000
1324349789,3.651000000000,0.000054010000
1324349794,3.679890000000,0.000054340000
1324349797,3.679890000000,2.860574870000
1324349797,3.679900000000,27.218182010000
1324349797,3.679900000000,6.000000000000
1324349799,3.680000000000,0.000054010000
1324349804,3.690000000000,0.000054200000
1324349808,3.680000000000,6.000000000000
1324349809,3.650110000000,0.000053870000
1324349814,3.690000000000,0.000054200000
1324349820,3.650110000000,1.010000000000
1324349821,3.650110000000,0.000053870000
1324349826,3.689900000000,0.000054200000
1324349829,3.689900000000,30.000000000000
1324349836,3.650210000000,0.000053870000
1324349837,3.680000000000,4.971337980000
1324349837,3.689900000000,13.448689860000
1324349838,3.690000000000,49.999837400000
1324349838,3.693560000000,0.020640000000
1324349838,3.699520000000,0.054160000000
1324349838,3.699900000000,0.047150970000
1324349838,3.699980000000,0.202000000000
1324349838,3.700000000000,9.999945950000
1324349838,3.700000000000,0.071189890000
1324349840,3.700000000000,4.692999990000
1324349841,3.702000000000,0.000054020000
1324349843,3.700000000000,18.905000000000
1324349844,3.700000000000,2.558385940000
1324349849,3.650210000000,0.000053700000
1324349855,3.690000000000,0.000054200000
1324349863,3.650210000000,0.000053870000
1324349870,3.689300000000,0.000054210000
1324349875,3.650210000000,0.000053880000
1324349877,3.688000000000,25.000000000000
1324349877,3.689300000000,0.226915790000
1324349877,3.689800000000,6.000000000000
1324349878,3.690800000000,0.042120000000
1324349878,3.700000000000,16.000000000000
1324349880,3.701000000000,0.000054030000
1324349893,3.700000000000,0.000053710000
1324349899,3.700020000000,0.000054050000
1324349901,3.700000000000,0.020650000000
1324349903,3.700000000000,6.000000000000
1324349906,3.688000000000,0.000053730000
1324349907,3.700000000000,0.200000000000
1324349911,3.700020000000,0.000054050000
1324349916,3.688000000000,0.000053730000
1324349921,3.701780000000,0.000054020000
1324349925,3.700000000000,0.000053700000
1324349932,3.701780000000,0.000054020000
1324349937,3.700000000000,0.000053700000
1324349941,3.701780000000,0.000054020000
1324349944,3.700000000000,0.000053700000
1324349945,3.700000000000,0.052620000000
1324349949,3.700020000000,0.000054050000
1324349953,3.651200000000,0.000053730000
1324349958,3.699920000000,0.000054050000
1324349963,3.651200000000,0.000053730000
1324349968,3.694030000000,0.000054140000
1324349974,3.651200000000,0.000053820000
1324349978,3.699920000000,0.000054050000
1324349983,3.688000000000,0.000053730000
1324349989,3.693930000000,0.000054140000
1324349992,3.693930000000,1.000000000000
1324349995,3.659000000000,0.000053820000
1324350001,3.693930000000,0.000054140000
1324350016,3.659000000000,0.000053820000
1324350026,3.690800000000,0.000054180000
1324350035,3.688000000000,0.000053850000
1324350039,3.690700000000,0.000054190000
1324350044,3.688000000000,0.000053860000
1324350048,3.690800000000,0.000054180000
1324350052,3.688000000000,0.000053850000
1324350056,3.690800000000,0.000054180000
1324350061,3.688000000000,0.000053850000
1324350066,3.690700000000,0.000054190000
1324350067,3.690700000000,1.000000000000
1324350077,3.688000000000,0.000053860000
1324350080,3.690800000000,0.000054180000
1324350087,3.661000000000,0.000053850000
1324350092,3.690700000000,0.000054190000
1324350095,3.661000000000,0.000053860000
1324350100,3.690800000000,0.000054180000
1324350110,3.688000000000,0.000053850000
1324350115,3.690800000000,0.000054180000
1324350118,3.688000000000,0.000053850000
1324350121,3.690000000000,0.000054200000
1324350125,3.688000000000,0.000053870000
1324350130,3.690000000000,0.000054200000
1324350132,3.689900000000,1.000000000000
1324350133,3.660000000000,0.000053870000
1324350141,3.690000000000,0.000054200000
1324350149,3.660000000000,0.000053870000
1324350153,3.689900000000,0.000054200000
1324350156,3.688000000000,0.000053870000
1324350163,3.689900000000,0.000054200000
1324350167,3.689900000000,1.000000000000
1324350167,3.689900000000,1.000000000000
1324350170,3.688000000000,0.000053870000
1324350174,3.689900000000,0.000054200000
1324350179,3.688000000000,13.999300230000
1324350179,3.663020000000,0.026830000000
1324350179,3.660000000000,10.247330190000
1324350181,3.660000000000,0.000053870000
1324350184,3.690000000000,0.000054200000
1324350188,3.660000000000,0.000053870000
1324350195,3.690000000000,0.000054200000
1324350203,3.660000000000,0.000053870000
1324350210,3.689900000000,0.000054200000
1324350219,3.688010000000,0.000053870000
1324350222,3.689900000000,0.000054200000
1324350230,3.660000000000,0.000053870000
1324350237,3.689900000000,0.000054200000
1324350241,3.660000000000,0.000053870000
1324350244,3.690000000000,0.000054200000
1324350245,3.688010000000,10.200460570000
1324350254,3.660000000000,0.000053870000
1324350258,3.689800000000,0.000054200000
1324350263,3.660000000000,0.000053870000
1324350267,3.689800000000,0.000054200000
1324350277,3.660000000000,0.000053870000
1324350282,3.689700000000,0.000054200000
1324350283,3.689700000000,1.000000000000
1324350289,3.660000000000,0.000053870000
1324350295,3.689800000000,0.000054200000
1324350300,3.660010000000,0.000053870000
1324350306,3.689800000000,0.000054200000
1324350311,3.662620000000,0.000053870000
1324350315,3.689490000000,0.000054200000
1324350321,3.662620000000,0.000053870000
1324350324,3.689800000000,0.000054200000
1324350333,3.662620000000,0.000053870000
1324350338,3.680010000000,0.000054340000
1324350343,3.670000000000,0.000054010000
1324350347,3.689590000000,0.000054200000
1324350352,3.670000000000,0.000053870000
1324350357,3.689590000000,0.000054200000
1324350364,3.662620000000,0.000053870000
1324350365,3.662620000000,0.026394520000
1324350365,3.660100000000,2.033605480000
1324350372,3.689590000000,0.000054200000
1324350375,3.670100000000,0.000053870000
1324350381,3.690000000000,0.000054200000
1324350388,3.671000000000,0.000053870000
1324350394,3.689590000000,0.000054200000
1324350401,3.670000000000,0.000053870000
1324350406,3.689490000000,0.000054200000
1324350410,3.670100000000,0.000053870000
1324350413,3.689590000000,0.000054200000
1324350418,3.670000000000,0.000053870000
1324350425,3.689590000000,0.000054200000
1324350430,3.670200000000,0.000053870000
1324350433,3.680010000000,0.000054340000
1324350436,3.670200000000,0.000054010000
1324350446,3.680010000000,0.000054340000
1324350449,3.670200000000,0.000054010000
1324350453,3.689900000000,0.000054200000
1324350458,3.671000000000,0.000053870000
1324350461,3.689800000000,0.000054200000
1324350467,3.670200000000,0.000053870000
1324350470,3.689900000000,0.000054200000
1324350478,3.671000000000,0.000053870000
1324350483,3.689700000000,0.000054200000
1324350489,3.671000000000,0.000053870000
1324350499,3.689600000000,0.000054200000
1324350504,3.672000000000,0.000053870000
1324350508,3.681000000000,0.000054330000
1324350520,3.671000000000,0.000054000000
1324350527,3.681000000000,0.000054330000
1324350536,3.671000000000,0.000054000000
1324350541,3.689700000000,0.000054200000
1324350544,3.671000000000,0.000053870000
1324350545,3.681000000000,3.603686240000
1324350547,3.690000000000,0.000054200000
1324350556,3.671100000000,0.000053870000
1324350565,3.689600000000,0.000054200000
1324350570,3.671100000000,0.000053870000
1324350575,3.689600000000,0.000054200000
1324350582,3.681000000000,0.000053870000
1324350583,3.689500000000,2.000000000000
1324350587,3.689600000000,0.000054200000
1324350591,3.681000000000,0.000053870000
1324350593,3.689500000000,4.000000000000
1324350593,3.690000000000,0.999891600000
1324350593,3.690800000000,0.041794920000
1324350593,3.694030000000,0.020195860000
1324350593,3.695200000000,29.500000000000
1324350593,3.699990000000,25.000000000000
1324350593,3.700000000000,2.000000000000
1324350595,3.700020000000,0.000054050000
1324350596,3.700000000000,22.132710160000
1324350599,3.689600000000,0.000053730000
1324350604,3.701780000000,0.000054020000
1324350611,3.700000000000,0.000053700000
1324350613,3.700000000000,10.000000000000
1324350614,3.700020000000,0.000054050000
1324350616,3.700020000000,0.881209750000
1324350616,3.701780000000,0.603155980000
1324350616,3.701800000000,0.030990000000
1324350616,3.701920000000,0.096470000000
1324350616,3.702000000000,1.089929760000
1324350620,3.689600000000,0.000053730000
1324350624,3.702000000000,0.000054020000
1324350625,3.700000000000,6.000000000000
1324350635,3.689600000000,0.000053700000
1324350638,3.702010000000,0.000054020000
1324350644,3.700000000000,0.000053700000
1324350647,3.702000000000,0.000054020000
1324350656,3.700020000000,0.000053700000
1324350661,3.702000000000,0.000054020000
1324350670,3.700000000000,0.000053700000
1324350675,3.701900000000,0.000054020000
1324350686,3.700020000000,0.000053700000
1324350694,3.702000000000,0.000054020000
1324350696,3.700020000000,6.000000000000
1324350697,3.700000000000,0.000053700000
1324350700,3.701900000000,0.000054020000
1324350707,3.700020000000,0.000053700000
1324350710,3.702000000000,0.000054020000
1324350715,3.700020000000,0.000053700000
1324350721,3.702000000000,0.000054020000
1324350724,3.700000000000,0.000053700000
1324350728,3.701900000000,0.000054020000
1324350730,3.701900000000,5.999945980000
1324350730,3.702000000000,19.125054020000
1324350735,3.700020000000,0.000053700000
1324350739,3.702000000000,0.000054020000
1324350741,3.702000000000,16.969578700000
1324350741,3.702010000000,1.659996570000
1324350741,3.702220000000,0.127780000000
1324350741,3.705560000000,0.073220000000
1324350741,3.705580000000,6.294424730000
1324350744,3.700000000000,0.000053700000
1324350752,3.705580000000,0.000053970000
1324350756,3.700020000000,0.000053650000
1324350762,3.706300000000,0.000053960000
1324350766,3.700020000000,0.389183910000
1324350768,3.700020000000,0.000053640000
1324350775,3.705580000000,0.000053970000
1324350781,3.700020000000,0.000053650000
1324350786,3.705580000000,0.000053970000
1324350793,3.700020000000,0.000053650000
1324350805,3.705480000000,0.000053970000
1324350808,3.700020000000,0.000053650000
1324350814,3.705580000000,0.000053970000
1324350817,3.700020000000,0.000053650000
1324350819,3.705480000000,6.000000000000
1324350828,3.705580000000,0.000053970000
1324350841,3.700000000000,0.000053650000
1324350844,3.705580000000,0.000053970000
1324350849,3.700000000000,0.000053650000
1324350857,3.706300000000,0.000053960000
1324350860,3.705480000000,0.000053640000
1324350866,3.705580000000,0.000053970000
1324350867,3.705480000000,6.000000000000
1324350871,3.705480000000,0.000053650000
1324350872,3.705580000000,0.500000000000
1324350874,3.705580000000,0.000053970000
1324350881,3.705480000000,0.000053650000
1324350885,3.705580000000,0.000053970000
1324350890,3.705480000000,0.000053650000
1324350893,3.706300000000,0.000053960000
1324350901,3.705480000000,0.000053640000
1324350904,3.706300000000,0.000053960000
1324350905,3.705480000000,6.100000000000
1324350909,3.705480000000,0.000053640000
1324350910,3.705580000000,2.695990000000
1324350911,3.705480000000,6.000000000000
1324350915,3.705580000000,0.000053970000
1324350920,3.705480000000,0.000053650000
1324350926,3.705580000000,0.000053970000
1324350929,3.705480000000,0.000053650000
1324350936,3.705580000000,0.000053970000
1324350941,3.705480000000,0.000053650000
1324350944,3.705580000000,0.000053970000
1324350955,3.705480000000,0.000053650000
1324350959,3.705580000000,0.000053970000
1324350960,3.705480000000,6.000000000000
1324350963,3.705480000000,7.224000000000
1324350963,3.705480000000,0.000053650000
1324350964,3.705580000000,0.408829690000
1324350964,3.706300000000,0.013564160000
1324350964,3.708000000000,27.760000000000
1324350965,3.708840000000,0.025510000000
1324350965,3.708970000000,0.759630000000
1324350965,3.710000000000,1.441752990000
1324350965,3.710000000000,3.810000000000
1324350965,3.710940000000,0.211160000000
1324350965,3.715000000000,65.569553160000
1324350967,3.715000000000,0.000053830000
1324350971,3.705580000000,0.000053510000
1324350976,3.715000000000,0.000053830000
1324350984,3.705580000000,0.000053510000
1324350987,3.715000000000,0.000053830000
1324350989,3.715000000000,0.500000000000
1324350992,3.705580000000,0.000053510000
1324350996,3.715000000000,0.000053830000
1324351001,3.705580000000,0.000053510000
1324351006,3.715000000000,0.000053830000
1324351009,3.705580000000,6.000000000000
1324351011,3.705580000000,0.000053510000
1324351012,3.715000000000,2.624495280000
1324351015,3.715000000000,0.000053830000
1324351020,3.705580000000,0.000053510000
1324351021,3.715000000000,31.305574750000
1324351021,3.716300000000,0.018390000000
1324351021,3.718980000000,0.089450000000
1324351021,3.720000000000,1.165266980000
1324351021,3.720000000000,0.014450400000
1324351024,3.721960000000,0.000053730000
1324351029,3.720000000000,0.000053410000
1324351034,3.721960000000,0.000053730000
1324351037,3.720000000000,0.000053410000
1324351043,3.721960000000,0.000053730000
1324351047,3.715000000000,0.000053410000
1324351051,3.721960000000,0.000053730000
1324351054,3.715000000000,0.000053410000
1324351056,3.721860000000,6.000000000000
1324351056,3.721960000000,0.054435080000
1324351056,3.724590000000,9.900000000000
1324351056,3.725340000000,0.417010000000
1324351056,3.726280000000,0.037870000000
1324351056,3.728090000000,0.662850000000
1324351056,3.728890000000,0.011930000000
1324351056,3.729920000000,0.035700000000
1324351056,3.730000000000,0.021735700000
1324351056,3.730000000000,0.319503000000
1324351057,3.730000000000,0.014442300000
1324351057,3.730000000000,100.000000000000
1324351059,3.733770000000,0.000053560000
1324351062,3.720000000000,0.000053240000
1324351066,3.733770000000,0.000053560000
1324351074,3.721960000000,0.000053240000
1324351078,3.733770000000,0.000053560000
1324351082,3.731000000000,0.000053240000
1324351084,3.733770000000,0.309589320000
1324351089,3.734180000000,0.000053550000
1324351091,3.734180000000,0.011416450000
1324351091,3.736980000000,0.200000000000
1324351091,3.737950000000,0.059570000000
1324351091,3.738280000000,0.214330000000
1324351091,3.738400000000,1.600450000000
1324351091,3.738670000000,0.044020000000
1324351091,3.738990000000,0.018370000000
1324351091,3.740000000000,0.021719600000
1324351091,3.740000000000,0.319506700000
1324351091,3.740000000000,0.014434000000
1324351092,3.746680000000,0.061600000000
1324351092,3.747670000000,0.012860000000
1324351092,3.747960000000,0.340000000000
1324351092,3.749390000000,0.037400000000
1324351092,3.749860000000,0.216860000000
1324351092,3.749900000000,0.046835480000
1324351092,3.749960000000,0.230000000000
1324351092,3.749980000000,0.200000000000
1324351092,3.750000000000,6.350627770000
1324351099,3.733780000000,0.000053230000
1324351101,3.733780000000,6.000000000000
1324351103,3.750000000000,0.000053330000
1324351107,3.733780000000,0.000053010000
1324351108,3.733780000000,0.411133870000
1324351111,3.750000000000,0.000053330000
1324351112,3.735000000000,50.000000000000
1324351112,3.733780000000,15.000000000000
1324351116,3.733780000000,0.000053010000
1324351120,3.749860000000,0.000053330000
1324351124,3.733770000000,0.000053010000
1324351127,3.749860000000,0.000053330000
1324351130,3.733770000000,0.000053010000
1324351134,3.749860000000,27.000000000000
1324351141,3.749860000000,0.000053330000
1324351145,3.740000000000,0.000053010000
1324351149,3.749860000000,0.000053330000
1324351156,3.735000000000,0.000053010000
1324351157,3.749760000000,0.069783130000
1324351158,3.740000000000,19.000000000000
1324351160,3.749760000000,0.000053330000
1324351165,3.740000000000,0.000053010000
1324351166,3.749760000000,0.500000000000
1324351167,3.740000000000,20.000000000000
1324351169,3.749760000000,0.000053330000
1324351170,3.740000000000,0.907398120000
1324351173,3.740000000000,0.000053010000
1324351174,3.749660000000,106.837606840000
1324351174,3.749760000000,5.430110210000
1324351174,3.749800000000,3.840590590000
1324351174,3.750000000000,4.449265570000
1324351174,3.750000000000,0.021707300000
1324351174,3.750000000000,0.319509800000
1324351174,3.750000000000,10.000000000000
1324351174,3.750000000000,0.014427100000
1324351174,3.750000000000,8.000000000000
1324351174,3.750000000000,2.000000000000
1324351174,3.750000000000,4.850000000000
1324351178,3.750870000000,0.000053320000
1324351182,3.745000000000,0.000053000000
1324351185,3.750000000000,11.500000000000
1324351187,3.750870000000,0.000053320000
1324351192,3.750000000000,0.000053000000
1324351194,3.750000000000,1.020000000000
1324351196,3.750870000000,0.000053320000
1324351198,3.750000000000,7.580000000000
1324351198,3.750000000000,6.000000000000
1324351198,3.750000000000,65.000000000000
1324351200,3.745000000000,0.000053000000
1324351201,3.750000000000,0.069643530000
1324351204,3.750870000000,2.433340040000
1324351207,3.753260000000,0.000053280000
1324351209,3.753260000000,0.025676720000
1324351209,3.753480000000,0.124580000000
1324351209,3.753720000000,0.247660000000
1324351209,3.754320000000,0.324720000000
1324351209,3.754400000000,0.027820000000
1324351209,3.755310000000,3.042143280000
1324351215,3.750880000000,0.000052960000
1324351221,3.755310000000,0.000053250000
1324351227,3.750880000000,0.000052930000
1324351231,3.755310000000,0.000053250000
1324351234,3.753270000000,10.000000000000
1324351237,3.750880000000,0.000052930000
1324351241,3.755310000000,0.000053250000
1324351243,3.753270000000,10.000000000000
1324351244,3.750880000000,0.000052930000
1324351247,3.755210000000,6.000000000000
1324351247,3.755310000000,6.857696970000
1324351247,3.760000000000,0.021993400000
1324351247,3.760000000000,0.319534900000
1324351247,3.760000000000,0.014419500000
1324351247,3.760000000000,1.989400000000
1324351247,3.760000000000,10.000000000000
1324351247,3.760000000000,1.000000000000
1324351248,3.760000000000,10.000000000000
1324351249,3.761940000000,0.000053160000
1324351253,3.760000000000,10.000000000000
1324351253,3.760000000000,3.796955230000
1324351253,3.753270000000,6.203044770000
1324351259,3.753270000000,0.000052840000
1324351263,3.760970000000,0.000053170000
1324351267,3.760000000000,0.000052850000
1324351269,3.760000000000,10.000000000000
1324351272,3.760970000000,0.000053170000
1324351275,3.760000000000,0.000052850000
1324351278,3.760970000000,0.000053170000
1324351282,3.760000000000,0.000052850000
1324351283,3.760000000000,10.000000000000
1324351286,3.760970000000,0.000053170000
1324351289,3.760000000000,10.000000000000
1324351289,3.760000000000,10.000000000000
1324351291,3.753270000000,0.000052850000
1324351292,3.760000000000,10.000000000000
1324351296,3.760970000000,0.000053170000
1324351297,3.760000000000,6.000000000000
1324351297,3.760000000000,10.000000000000
1324351300,3.753270000000,0.000052850000
1324351301,3.760000000000,10.000000000000
1324351303,3.760970000000,0.000053170000
1324351308,3.753270000000,0.000052850000
1324351309,3.760000000000,10.000000000000
1324351310,3.760000000000,65.000000000000
1324351312,3.760970000000,0.000053170000
1324351314,3.760000000000,14.000000000000
1324351315,3.760000000000,10.000000000000
1324351316,3.753270000000,0.000052850000
1324351326,3.760970000000,0.000053170000
1324351327,3.760000000000,8.129090420000
1324351330,3.750880000000,0.000052850000
1324351337,3.760000000000,0.000053190000
1324351346,3.745000000000,0.000052870000
1324351348,3.753270000000,20.000000000000
1324351354,3.760000000000,0.000053190000
1324351357,3.753270000000,1.080000000000
1324351362,3.745000000000,0.000052870000
1324351369,3.750000000000,0.000053330000
1324351376,3.745000000000,0.000053010000
1324351377,3.750000000000,0.500000000000
1324351378,3.750000000000,19.499946670000
1324351378,3.750000000000,20.000000000000
1324351378,3.760000000000,1.870803200000
1324351378,3.760000000000,9.841171830000
1324351378,3.760000000000,20.000000000000
1324351379,3.760000000000,37.905000000000
1324351380,3.760870000000,0.000053170000
1324351385,3.760000000000,20.000000000000
1324351386,3.760000000000,20.000000000000
1324351388,3.760000000000,0.000052850000
1324351394,3.760870000000,0.000053170000
1324351396,3.760870000000,5.999946830000
1324351396,3.760970000000,0.009574640000
1324351396,3.761940000000,0.220196840000
1324351396,3.762500000000,0.041830000000
1324351396,3.762650000000,0.074140000000
1324351396,3.766600000000,10.000000000000
1324351396,3.767550000000,3.134480000000
1324351396,3.768970000000,0.897000000000
1324351396,3.770000000000,0.021974200000
1324351397,3.770000000000,0.319502300000
1324351397,3.770000000000,0.014412400000
1324351397,3.770000000000,10.000000000000
1324351397,3.770000000000,0.500000000000
1324351397,3.771830000000,0.028850000000
1324351397,3.772720000000,0.781380000000
1324351397,3.774460000000,0.012740000000
1324351397,3.774900000000,10.156705870000
1324351397,3.775000000000,100.000000000000
1324351397,3.775710000000,9.900000000000
1324351397,3.776500000000,1.004238200000
1324351397,3.776680000000,0.024840000000
1324351397,3.777700000000,2.858188720000
1324351400,3.760000000000,0.000052850000
1324351403,3.777700000000,0.000052940000
1324351407,3.750000000000,0.000052620000
1324351411,3.777700000000,0.000052940000
1324351418,3.750000000000,0.000052620000
1324351423,3.777700000000,0.000052940000
1324351428,3.760000000000,0.000052620000
1324351432,3.777600000000,0.000052940000
1324351437,3.760000000000,0.000052620000
1324351441,3.760770000000,0.000053180000
1324351443,3.760000000000,0.000052860000
1324351448,3.760770000000,0.000053180000
1324351453,3.750000000000,0.000052860000
1324351455,3.760000000000,10.000000000000
1324351458,3.760770000000,0.000053180000
1324351463,3.760000000000,0.000052860000
1324351465,3.760000000000,10.000000000000
1324351468,3.760770000000,0.000053180000
1324351470,3.760000000000,10.000000000000
