1324488845,3.921200000000,11.500000000000
1324489247,3.921210000000,58.856190630000
1324489263,3.921210000000,41.143809370000
1324489263,3.921200000000,1.386157290000
1324489264,3.920200000000,16.347763220000
1324489275,3.920200000000,58.899191190000
1324489286,3.920200000000,3.234729290000
1324489286,3.920200000000,55.685707920000
1324489300,3.920200000000,6.845760760000
1324489312,3.920200000000,0.191721740000
1324489417,3.921110000000,38.693832970000
1324489417,3.921210000000,0.920000000000
1324489443,3.921210000000,29.000000000000
1324489522,3.957870000000,8.445100000000
1324489560,3.957800000000,0.800700000000
1324489682,3.923000000000,5.980000000000
1324490033,3.955800000000,4.940000000000
1324490033,3.955800000000,11.270000000000
1324490033,3.955880000000,39.190000000000
1324490033,3.955900000000,4.940000000000
1324490034,3.955900000000,34.960000000000
1324490043,3.955900000000,19.899999990000
1324490066,3.955900000000,11.193500010000
1324490160,3.925120000000,1.000000000000
1324490242,3.925120000000,4.025000000000
1324490242,3.925110000000,2.379000000000
1324490269,3.955900000000,2.830712870000
1324490269,3.955900000000,4.940000000000
1324490269,3.955900000000,11.270000000000
1324490270,3.956000000000,7.000000000000
1324490270,3.955990000000,2.900000000000
1324490270,3.955990000000,25.002287130000
1324490453,3.954090000000,18.571576700000
1324490458,3.925110000000,3.440000000000
1324490661,3.925410000000,0.018200000000
1324490661,3.925310000000,1.081800000000
1324490732,3.930000000000,0.070000000000
1324490833,3.935000000000,1.000000000000
1324490872,3.930000000000,0.003277350000
1324490904,3.930000000000,3.458976340000
1324490929,3.931000000000,1.417850410000
1324491075,3.929980000000,1.000000000000
1324491138,3.929980000000,25.960000000000
1324491559,3.939980000000,14.000000000000
1324491592,3.939980000000,20.680000000000
1324491592,3.940000000000,4.320000000000
1324491751,3.929980000000,18.040000000000
1324492038,3.940000000000,0.680000000000
1324492038,3.940000000000,0.500000000000
1324492038,3.959880000000,32.050000000000
1324492038,3.959900000000,0.025353450000
1324492038,3.959900000000,4.940000000000
1324492038,3.959900000000,4.940000000000
1324492038,3.959900000000,4.940000000000
1324492038,3.959990000000,6.900000000000
1324492038,3.960000000000,246.752446550000
1324492093,3.930100000000,0.025450270000
1324492093,3.923330000000,4.730546110000
1324492101,3.923330000000,4.755996380000
1324492122,3.959980000000,4.750000000000
1324492147,3.959980000000,3.417143940000
1324492152,3.959980000000,0.035000000000
1324492170,3.923330000000,0.025423250000
1324492180,3.959980000000,4.562600000000
1324492289,3.923330000000,0.770000000000
1324492353,3.959980000000,0.025471330000
1324492408,3.923330000000,0.140000000000
1324492440,3.930000000000,5.000000000000
1324492685,3.949900000000,19.899999990000
1324492685,3.949980000000,10.100000010000
1324492714,3.949900000000,19.899999990000
1324492714,3.949980000000,19.699999990000
1324492714,3.950000000000,5.000000000000
1324492714,3.950000000000,5.000000000000
1324492715,3.950000000000,4.940000000000
1324492725,3.950000000000,58.947028060000
1324492733,3.950000000000,0.237500000000
1324492744,3.950000000000,58.950735290000
1324492770,3.950000000000,27.324736670000
1324492770,3.950000000000,31.629671450000
1324492771,3.950000000000,58.958081280000
1324492809,3.950000000000,56.620000000000
1324492859,3.950000000000,52.792247270000
1324492859,3.950000000000,6.169507520000
1324492933,3.950000000000,50.960000000000
1324492998,3.959900000000,0.025519000000
1324493031,3.959900000000,0.974481000000
1324493031,3.950000000000,1.870346830000
1324493031,3.939920000000,10.000000000000
1324493031,3.937560000000,10.100000000000
1324493031,3.935200000000,10.201000000000
1324493036,3.932840000000,10.303010000000
1324493036,3.930480000000,10.406040000000
1324493036,3.928120000000,10.510100000000
1324493036,3.926600000000,5.780850000000
1324493066,3.935000000000,0.010000000000
1324493094,3.930100000000,0.025446700000
1324493095,3.926700000000,0.018200000000
1324493095,3.926600000000,6.357353300000
1324493095,3.935000000000,34.307500000000
1324493249,3.960000000000,6.313100000000
1324493353,3.960000000000,3.250000000000
1324493353,3.960000000000,1.000000000000
1324493353,3.935000000000,127.000000000000
1324493358,3.926630000000,3.236025000000
1324493358,3.960000000000,1.000000000000
1324493458,3.926630000000,3.398349650000
1324493489,3.926630000000,0.025422640000
1324493521,3.926630000000,0.240202710000
1324493521,3.926600000000,1.159797290000
1324493824,3.960000000000,3.351196960000
1324494044,3.959980000000,7.828300000000
1324494078,3.940000000000,5.949600000000
1324494165,3.943260000000,12.679863860000
1324494196,3.959900000000,2.850000000000
1324494228,3.926600000000,0.550000000000
1324494267,3.959800000000,4.940000000000
1324494267,3.959800000000,2.060000000000
1324494485,3.955000000000,2.227395250000
1324494491,3.927000000000,6.000000000000
1324494491,3.926600000000,74.151999410000
1324494531,3.926600000000,0.100000000000
1324494641,3.926000000000,5.030000000000
1324494642,3.925760000000,10.615200000000
1324494642,3.925100000000,14.604800000000
1324494668,3.926600000000,13.898966020000
1324494732,3.926600000000,5.849034570000
1324494732,3.955000000000,12.200547640000
1324494926,3.954880000000,2.400000000000
1324495089,3.954880000000,2.275669550000
1324495149,3.925600000000,0.018200000000
1324495149,3.925100000000,2.555788940000
1324495537,3.948590000000,0.639138870000
1324495537,3.954780000000,2.430979720000
1324495648,3.930000000000,1.000000000000
1324495711,3.930000000000,49.890600000000
1324495711,3.926000000000,5.094200000000
1324495711,3.925500000000,65.917684370000
1324495711,3.925000000000,0.184068780000
1324495711,3.923410000000,10.721350000000
1324495711,3.921070000000,4.900000000000
1324495712,3.921060000000,10.828560000000
1324495712,3.920200000000,37.276809580000
1324495712,3.920100000000,43.561785570000
1324495712,3.920100000000,0.034070390000
1324495712,3.920000000000,0.656450000000
1324495712,3.920000000000,21.749706630000
1324495712,3.920000000000,3.294568870000
1324495712,3.920000000000,51.500000000000
1324495712,3.918710000000,10.936850000000
1324495713,3.917200000000,0.049610000000
1324495713,3.916360000000,11.046220000000
1324495713,3.915400000000,0.047138940000
1324495713,3.915400000000,0.016891610000
1324495713,3.914010000000,11.156680000000
1324495713,3.911660000000,11.268250000000
1324495713,3.911030000000,2.900000000000
1324495713,3.911000000000,0.488870000000
1324495713,3.911000000000,5.000000000000
1324495714,3.910200000000,0.364281610000
1324495714,3.910200000000,0.021679500000
1324495714,3.910200000000,0.014346970000
1324495714,3.910000000000,0.181705880000
1324495715,3.910000000000,3.300000000000
1324495715,3.910000000000,0.099235290000
1324495715,3.910000000000,0.120000000000
1324495715,3.909800000000,0.170160000000
1324495715,3.909310000000,11.380930000000
1324495715,3.908220000000,0.012400000000
1324495715,3.908000000000,7.815255880000
1324495715,3.907400000000,0.472756730000
1324495715,3.906970000000,11.494740000000
1324495715,3.905600000000,6.700000000000
1324495715,3.905500000000,2.000000000000
1324495715,3.905230000000,0.328320000000
1324495715,3.904630000000,11.609690000000
1324495715,3.903330000000,12.239141960000
1324495715,3.902290000000,11.725790000000
1324495715,3.902100000000,10.000000000000
1324495715,3.901000000000,21.000000000000
1324495715,3.901000000000,10.550000000000
1324495715,3.900400000000,0.364381540000
1324495715,3.900400000000,0.021725330000
1324495715,3.900400000000,0.014362680000
1324495715,3.900400000000,6.127400000000
1324495715,3.900350000000,50.000000000000
1324495715,3.900320000000,10.050000000000
1324495716,3.900310000000,300.000000000000
1324495716,3.900300000000,50.919695920000
1324495716,3.900000000000,405.987274350000
1324495716,3.900000000000,100.000000000000
1324495716,3.900000000000,1.000000000000
1324495716,3.900000000000,11.285887170000
1324495716,3.900000000000,2.690000000000
1324495716,3.900000000000,15.384600000000
1324495716,3.900000000000,112.434764100000
1324495716,3.900000000000,0.550000000000
1324495716,3.900000000000,15.000000000000
1324495716,3.900000000000,3.017900000000
1324495716,3.900000000000,10.000000000000
1324495716,3.899950000000,11.843050000000
1324495716,3.897610000000,11.961480000000
1324495716,3.895680000000,0.886240000000
1324495716,3.895270000000,12.081090000000
1324495716,3.893350000000,0.080330000000
1324495716,3.893000000000,0.582680000000
1324495716,3.892930000000,12.201900000000
1324495716,3.892120000000,0.024580000000
1324495716,3.891630000000,4.628390000000
1324495716,3.891600000000,1.000000000000
1324495716,3.890600000000,0.021739130000
1324495716,3.890600000000,0.364329520000
1324495717,3.890600000000,0.014368300000
1324495717,3.890600000000,12.323920000000
1324495717,3.890310000000,5.000000000000
1324495717,3.890000000000,20.000000000000
1324495717,3.890000000000,1.223380460000
1324495717,3.890000000000,13.861323900000
1324495717,3.890000000000,9.932409040000
1324495730,3.890000000000,0.067590960000
1324495730,3.888960000000,0.196070000000
1324495730,3.888270000000,12.447160000000
1324495730,3.888210000000,0.162810000000
1324495730,3.887780000000,5.900000000000
1324495730,3.887760000000,0.472880000000
1324495730,3.887580000000,0.234490000000
1324495730,3.887520000000,0.225880000000
1324495730,3.887500000000,0.077520000000
1324495730,3.886410000000,1.711490000000
1324495730,3.885940000000,12.571630000000
1324495730,3.883610000000,12.697350000000
1324495730,3.882750000000,2.656200000000
1324495730,3.882440000000,0.384670000000
1324495730,3.881630000000,1.025990000000
1324495730,3.881630000000,1.435690000000
1324495730,3.881280000000,12.824320000000
1324495730,3.880800000000,0.021796470000
1324495730,3.880800000000,0.364384710000
1324495731,3.880800000000,0.014394090000
1324495731,3.880000000000,5.000000000000
1324495731,3.880000000000,2.175300000000
1324495731,3.879810000000,0.078590370000
1324495731,3.879220000000,0.447470000000
1324495731,3.878950000000,12.952560000000
1324495731,3.878940000000,0.012450000000
1324495731,3.878940000000,0.011330000000
1324495731,3.877840000000,0.985420000000
1324495731,3.876620000000,13.082090000000
1324495731,3.875800000000,0.218180000000
1324495731,3.874880000000,0.010620000000
1324495731,3.874430000000,0.257850000000
1324495731,3.874300000000,11.114683250000
1324495746,3.954110000000,7.958800000000
1324495813,3.945300000000,2.000000000000
1324495853,3.905600000000,0.010000000000
1324495861,3.920000000000,5.000000000000
1324495865,3.945380000000,4.938028780000
1324495984,3.945360000000,5.660000000000
1324495984,3.945380000000,5.061971220000
1324495984,3.947750000000,10.100000000000
1324496078,3.950120000000,5.780000000000
1324496080,3.950000000000,29.810000000000
1324496162,3.950000000000,0.000928780000
1324496162,3.928000000000,123.000000000000
1324496163,3.909040000000,5.780000000000
1324496163,3.908800000000,10.000000000000
1324496163,3.906460000000,5.161970000000
1324496163,3.905570000000,7.958800000000
1324496163,3.905550000000,4.938030000000
1324496163,3.901840000000,0.122210000000
1324496163,3.900000000000,3.038061220000
1324496217,3.900000000000,0.010000000000
1324496485,3.945500000000,4.940000000000
1324496534,3.945530000000,10.000000000000
1324496563,3.945530000000,10.341812120000
1324496576,3.945530000000,77.000000000000
1324496576,3.947900000000,10.100000000000
1324496577,3.947900000000,23.239200000000
1324496629,3.908220000000,10.000000000000
1324496727,3.908070000000,10.000000000000
1324496728,3.905880000000,0.100000000000
1324496733,3.925500000000,10.001806130000
1324496822,3.904550000000,13.900000000000
1324496843,3.904550000000,1.000000000000
1324496880,3.904550000000,0.010000000000
1324496965,3.925500000000,3.000000000000
1324497188,3.902280000000,0.010000000000
1324497387,3.920000000000,1.000000000000
1324497406,3.920000000000,10.000000000000
1324497481,3.902280000000,0.000094710000
1324497481,3.900000000000,0.259638780000
1324497481,3.900000000000,21.797000000000
1324497481,3.900000000000,4.400866510000
1324497721,3.900010000000,0.995666670000
1324497722,3.900000000000,164.444333330000
1324497949,3.900000000000,1.154800160000
1324497950,3.900000000000,4.940000000000
1324497950,3.900000000000,0.110000000000
1324497950,3.900000000000,5.000000000000
1324498009,3.900000000000,3.899890000000
1324498042,3.900000000000,1.978000000000
1324498054,3.900000000000,3.899890000000
1324498106,3.900000000000,3.899890000000
1324498124,3.899790000000,0.010000000000
1324498151,3.900000000000,3.899890000000
1324498201,3.900000000000,2.928139840000
1324498201,3.900000000000,0.971750160000
1324498224,3.900000000000,22.000000000000
1324498245,3.900000000000,3.899890000000
1324498271,3.900000000000,0.071800000000
1324498298,3.900000000000,3.899890000000
1324498342,3.900000000000,3.899890000000
1324498368,3.900000000000,8.881771790000
1324498388,3.900000000000,3.899890000000
1324498427,3.899790000000,0.010000000000
1324498435,3.900000000000,3.899890000000
1324498453,3.899790000000,0.065600000000
1324498453,3.890000000000,2.934400000000
1324498482,3.900000000000,3.890100000000
1324498487,3.890000000000,2.065600000000
1324498487,3.890000000000,0.100000000000
1324498501,3.880300000000,0.474733300000
1324498501,3.873000000000,0.582680000000
1324498501,3.871000000000,0.364440570000
1324498501,3.871000000000,0.021661100000
1324498501,3.871000000000,0.014368380000
1324498501,3.870540000000,0.070370000000
1324498501,3.870120000000,5.900000000000
1324498501,3.870100000000,6.264002640000
1324498501,3.870020000000,0.202000000000
1324498501,3.868360000000,0.312600000000
1324498502,3.867720000000,6.457790000000
1324498502,3.863250000000,0.206416870000
1324498502,3.863240000000,0.104910000000
1324498502,3.862800000000,7.686427140000
1324498514,3.890000000000,0.071700000000
1324498518,3.871020000000,21.157900000000
1324498532,3.890000000000,3.890100000000
1324498559,3.871030000000,0.738950870000
1324498563,3.871030000000,0.281685560000
1324498577,3.889990000000,2.900000000000
1324498577,3.890000000000,0.971130000000
1324498586,3.880000000000,2.000000000000
1324498586,3.862330000000,0.028150000000
1324498586,3.861720000000,23.392605930000
1324498586,3.861500000000,0.143140000000
1324498586,3.861200000000,0.014379960000
1324498586,3.861200000000,0.364479270000
1324498587,3.861200000000,0.021682690000
1324498587,3.861000000000,4.851061900000
1324498587,3.860000000000,20.000000000000
1324498587,3.860000000000,8.435293770000
1324498624,3.890000000000,3.871130000000
1324498629,3.871030000000,0.500000000000
1324498629,3.862820000000,14.500000000000
1324498640,3.862820000000,15.000000000000
1324498664,3.860000000000,7.497830440000
1324498671,3.890000000000,2.316122550000
1324498671,3.900000000000,1.546797450000
1324498719,3.880000000000,0.010000000000
1324498720,3.899990000000,3.862920000000
1324498759,3.899990000000,2.017081000000
1324498759,3.899990000000,1.000000000000
1324498759,3.900000000000,21.982919000000
1324498766,3.900000000000,3.880100000000
1324498775,3.890500000000,0.074800000000
1324498775,3.880000000000,0.001200000000
1324498779,3.900000000000,25.000000000000
1324498791,3.900000000000,25.000000000000
1324498812,3.900000000000,3.880100000000
1324498859,3.900000000000,3.865100000000
1324498890,3.870000000000,1.000000000000
1324498906,3.870000000000,2.629191080000
1324498907,3.900000000000,3.865100000000
1324498932,3.870000000000,0.860000000000
1324498958,3.900000000000,3.870100000000
1324499003,3.900000000000,3.870100000000
1324499022,3.870000000000,0.010000000000
1324499048,3.899990000000,3.870100000000
1324499088,3.890000000000,3.000000000000
1324499088,3.880000000000,2.080442220000
1324499095,3.899960000000,3.870100000000
1324499108,3.899960000000,5.500000000000
1324499152,3.880000000000,1.000000000000
1324499152,3.899960000000,0.612100100000
1324499152,3.899960000000,3.267999900000
1324499167,3.880000000000,0.173528850000
1324499195,3.899960000000,2.861900100000
1324499195,3.899960000000,1.018199900000
1324499236,3.899960000000,0.881800100000
1324499236,3.900000000000,2.998299900000
1324499263,3.880000000000,0.500000000000
1324499286,3.900000000000,3.880100000000
1324499305,3.880000000000,0.491194950000
1324499331,3.900000000000,3.880100000000
1324499380,3.900000000000,3.880100000000
1324499426,3.900000000000,3.880100000000
1324499472,3.900000000000,3.888980000000
1324499519,3.900000000000,3.888980000000
1324499532,3.900000000000,10.000000000000
1324499586,3.890000000000,0.010000000000
1324499658,3.890100000000,0.456503500000
1324499703,3.890200000000,1.000000000000
1324499703,3.890200000000,21.000000000000
1324499704,3.890000000000,149.090300000000
1324499704,3.880000000000,103.092739690000
1324499704,3.870030000000,2.870001000000
1324499704,3.870000000000,0.100000000000
1324499704,3.865020000000,2.900000000000
1324499704,3.860030000000,7.900000000000
1324499704,3.860000000000,33.626875790000
1324499704,3.858000000000,3.300000000000
1324499704,3.857440000000,5.107560000000
1324499704,3.855500000000,74.623023520000
1324499719,3.855500000000,3.938612370000
1324499719,3.854240000000,0.187300000000
1324499719,3.854240000000,0.043060000000
1324499719,3.854240000000,0.042980000000
1324499719,3.853000000000,0.582680000000
1324499720,3.852440000000,2.381730000000
1324499720,3.851400000000,0.364574250000
1324499720,3.851400000000,0.014425890000
1324499720,3.851400000000,0.021869630000
1324499720,3.851020000000,7.821000100000
1324499720,3.851000000000,20.000000000000
1324499720,3.850010000000,300.000000000000
1324499720,3.850000000000,8.000000000000
1324499720,3.850000000000,16.000000000000
1324499720,3.850000000000,3.500000000000
1324499720,3.850000000000,116.000000000000
1324499720,3.850000000000,22.500000000000
1324499720,3.850000000000,5.000000000000
1324499720,3.850000000000,2.600000000000
1324499720,3.850000000000,7.792200000000
1324499720,3.850000000000,36.363600000000
1324499720,3.850000000000,0.002561030000
1324499720,3.850000000000,1.000000000000
1324499720,3.850000000000,1.007400000000
1324499721,3.849570000000,1.098370000000
1324499721,3.848260000000,0.258210000000
1324499721,3.848010000000,32.000000000000
1324499721,3.845220000000,0.011140000000
1324499721,3.844130000000,2.661560000000
1324499721,3.841600000000,0.014422150000
1324499721,3.841600000000,0.364645830000
1324499721,3.841600000000,0.021733440000
1324499721,3.841250000000,1.205410000000
1324499721,3.840010000000,1.000000000000
1324499721,3.840000000000,92.000000000000
1324499721,3.840000000000,2.000000000000
1324499721,3.838020000000,9.790000100000
1324499721,3.837510000000,0.021255400000
1324499721,3.833000000000,0.582680000000
1324499721,3.831800000000,0.364715340000
1324499721,3.831800000000,0.021761080000
1324499721,3.831800000000,0.014436650000
1324499721,3.831630000000,0.115520000000
1324499721,3.830030000000,0.010390000000
1324499721,3.829810000000,0.426657510000
1324499722,3.827920000000,0.035480000000
1324499722,3.826100000000,0.679530000000
1324499722,3.825720000000,3.264420000000
1324499722,3.825010000000,0.021261950000
1324499722,3.825000000000,15.000000000000
1324499722,3.822000000000,0.364764570000
1324499722,3.822000000000,0.021780940000
1324499722,3.822000000000,0.014447730000
1324499722,3.821020000000,8.119352940000
1324499722,3.821000000000,10.000000000000
1324499722,3.820200000000,5.000000000000
1324499722,3.820190000000,0.237730000000
1324499722,3.820000000000,3.400000000000
1324499722,3.820000000000,10.649612560000
1324499722,3.818810000000,7.603000000000
1324499722,3.815680000000,6.015978800000
1324499722,3.815100000000,56.265000000000
1324499722,3.814000000000,0.582680000000
1324499722,3.813780000000,1.095881870000
1324499722,3.812510000000,0.021271420000
1324499722,3.812350000000,4.275045570000
1324499722,3.812200000000,0.021791150000
1324499723,3.812200000000,0.014456130000
1324499723,3.812200000000,0.374805490000
1324499723,3.811000000000,55.000000000000
1324499723,3.811000000000,112.774808110000
1324499761,3.890200000000,0.371094500000
1324499781,3.890300000000,0.163970000000
1324499800,3.890300000000,8.940000000000
1324499805,3.890300000000,0.010000000000
1324499885,3.890400000000,0.021575400000
1324499935,3.890400000000,0.014341400000
1324500043,3.890500000000,0.300000000000
1324500046,3.890900000000,0.995000000000
1324500046,3.895950000000,0.895608320000
1324500106,3.890600000000,0.010000000000
1324500108,3.890600000000,10.000000000000
1324500133,3.890600000000,10.000000000000
1324500164,3.890700000000,21.000000000000
1324500169,3.890600000000,2.566800000000
1324500200,3.890600000000,21.000000000000
1324500272,3.890600000000,3.327800000000
1324500402,3.870100000000,9.000000000000
1324500415,3.860100000000,4.940000000000
1324500421,3.860100000000,11.270000000000
1324500421,3.860100000000,0.072800000000
1324500427,3.860100000000,48.444300000000
1324500438,3.860100000000,11.823028000000
1324500495,3.890000000000,20.055945190000
1324500495,3.890600000000,11.105400000000
1324500496,3.890600000000,5.660000000000
1324500496,3.894900000000,23.178654810000
1324500505,3.890000000000,1.657269920000
1324500507,3.890000000000,3.282730080000
1324500507,3.890000000000,19.899999990000
1324500508,3.894900000000,13.091345190000
1324500508,3.895950000000,32.104391680000
1324500508,3.897040000000,74.282063090000
1324500528,3.897040000000,1.000000000000
1324500533,3.897040000000,0.900000000000
1324500648,3.897000000000,10.676267650000
1324500695,3.897000000000,25.232420000000
1324500695,3.897000000000,0.428080000000
1324500698,3.897040000000,0.817936910000
1324500698,3.897040000000,10.603983570000
1324500704,3.897040000000,1.408379520000
1324500704,3.897040000000,2.566100000000
1324500752,3.890000000000,0.985930270000
1324500840,3.890100000000,10.000000000000
1324500882,3.890000000000,10.000000000000
1324500955,3.890200000000,0.285000000000
1324500992,3.890300000000,20.715000000000
1324501040,3.899000000000,36.270000000000
1324501066,3.899000000000,1.795781500000
1324501067,3.899000000000,26.040018500000
1324501089,3.890400000000,21.000000000000
1324501092,3.885000000000,8.944700000000
1324501092,3.885000000000,1.055300000000
1324501113,3.890000000000,21.000000000000
1324501118,3.890000000000,3.264768630000
1324501165,3.890000000000,0.064200000000
1324501184,3.890000000000,42.600000000000
1324501222,3.890000000000,0.800000000000
1324501227,3.890000000000,0.000134430000
1324501559,3.890000000000,9.000000000000
1324501569,3.870500000000,21.000000000000
1324501570,3.870400000000,19.180000000000
1324501570,3.870300000000,5.660000000000
1324501590,3.870300000000,4.940000000000
1324501591,3.870300000000,19.899999990000
1324501630,3.870100000000,21.000000000000
1324501630,3.870000000000,1.000000000000
1324501645,3.870000000000,0.516800000000
1324501656,3.870000000000,21.000000000000
1324501661,3.865000000000,1.000000000000
1324501665,3.865000000000,34.844200000000
1324501670,3.865000000000,0.007304010000
1324501688,3.865000000000,54.550000000000
1324501699,3.860000000000,1.000000000000
1324501699,3.860000000000,0.100000000000
1324501700,3.860000000000,21.000000000000
1324501719,3.852000000000,10.050000000000
1324501730,3.852000000000,0.225700000000
1324501735,3.852000000000,0.100000000000
1324501746,3.852000000000,0.000477670000
1324501747,3.852000000000,21.000000000000
1324501761,3.852000000000,0.773822330000
1324501761,3.852000000000,0.001671000000
1324501794,3.852000000000,4.224506670000
1324501794,3.851220000000,0.019500000000
1324501794,3.851120000000,1.265993330000
1324501850,3.865000000000,13.967813710000
1324501857,3.865000000000,0.082600000000
1324501875,3.865000000000,0.258700000000
1324501911,3.865000000000,1.000000000000
1324501913,3.865000000000,0.106100000000
1324501924,3.865000000000,0.100000000000
1324502004,3.865000000000,0.250000000000
1324502026,3.865000000000,0.100000000000
1324502044,3.865000000000,0.100000000000
1324502064,3.865000000000,1.000000000000
1324502087,3.865000000000,1.000000000000
1324502092,3.865000000000,1.000000000000
1324502098,3.865000000000,0.082400000000
1324502112,3.860200000000,21.000000000000
1324502112,3.860000000000,1.000000000000
1324502113,3.855000000000,1.000000000000
1324502113,3.865000000000,1.000000000000
1324502113,3.852220000000,5.000000000000
1324502122,3.851120000000,8.784006670000
1324502122,3.850100000000,0.061855140000
1324502122,3.850000000000,22.121977320000
1324502133,3.860000000000,1.290000000000
1324502141,3.860200000000,19.710000000000
1324502141,3.850000000000,14.079690900000
1324502141,3.850000000000,10.045470120000
1324502141,3.850000000000,15.164965610000
1324502166,3.850000000000,6.765034390000
1324502166,3.840700000000,0.478838450000
1324502168,3.840000000000,5.000000000000
1324502169,3.840000000000,5.000000000000
1324502169,3.835000000000,5.000000000000
1324502169,3.834500000000,10.000000000000
1324502169,3.833110000000,26.780014930000
1324502181,3.850000000000,21.000000000000
1324502198,3.840000000000,10.164032050000
1324502203,3.850000000000,1.000000000000
1324502221,3.840000000000,0.336914950000
1324502221,3.840000000000,0.488055210000
1324502227,3.850000000000,21.000000000000
1324502232,3.840000000000,15.688053270000
1324502235,3.840000000000,73.322944520000
1324502235,3.833110000000,23.219985070000
1324502235,3.831210000000,10.000000000000
1324502235,3.831110000000,111.000000000000
1324502235,3.829720000000,0.457450000000
1324502235,3.827000000000,30.000000000000
1324502235,3.826990000000,0.384274610000
1324502235,3.826660000000,50.000000000000
1324502235,3.823400000000,10.000000000000
1324502235,3.822330000000,50.000000000000
1324502235,3.822220000000,10.000000000000
1324502235,3.821210000000,10.000000000000
1324502235,3.820160000000,41.463000000000
1324502235,3.820000000000,10.000000000000
1324502235,3.820000000000,39.000000000000
1324502235,3.816660000000,50.000000000000
1324502235,3.813500000000,13.480000000000
1324502235,3.812510000000,0.021285930000
1324502236,3.812300000000,10.000000000000
1324502236,3.812200000000,0.375175880000
1324502236,3.812200000000,0.021813380000
1324502236,3.812200000000,0.014669120000
1324502236,3.812000000000,10.000000000000
1324502236,3.812000000000,97.448081580000
1324502465,3.850500000000,0.087100000000
1324502468,3.850000000000,0.012900000000
1324502495,3.864990000000,0.145300000000
1324502537,3.850700000000,12.967261750000
1324502572,3.864000000000,0.080400000000
1324502630,3.850800000000,21.000000000000
1324502638,3.840000000000,0.100000000000
1324502657,3.850600000000,21.000000000000
1324502746,3.840100000000,0.100000000000
1324502752,3.840000000000,0.100000000000
1324502752,3.830600000000,21.000000000000
1324502759,3.830600000000,1.260517280000
1324502780,3.830600000000,0.019900000000
1324502799,3.830600000000,21.000000000000
1324502810,3.830600000000,0.086400000000
1324502810,3.830600000000,6.533182720000
1324502837,3.830600000000,1.000000000000
1324502968,3.830700000000,4.700000000000
1324502972,3.830700000000,1.000000000000
1324502977,3.850000000000,10.000000000000
1324503005,3.850000000000,5.000000000000
1324503018,3.850000000000,9.337223940000
1324503042,3.830600000000,1.000000000000
1324503048,3.840000000000,0.086300000000
1324503118,3.839000000000,0.019426930000
1324503287,3.839000000000,0.089300000000
1324503387,3.839000000000,18.519034830000
1324503521,3.840000000000,0.084600000000
1324503588,3.840000000000,0.015400000000
1324503694,3.840100000000,0.110000000000
1324503764,3.850000000000,0.084300000000
1324503991,3.850000000000,0.857142850000
1324504004,3.850000000000,0.083000000000
1324504031,3.850000000000,74.638333210000
1324504032,3.850000000000,39.900000000000
1324504032,3.850000000000,99.570000000000
1324504032,3.850000000000,0.120000000000
1324504032,3.850000000000,0.300000000000
1324504032,3.850000000000,19.899999990000
1324504085,3.850000000000,0.120000000000
1324504098,3.850100000000,15.056009400000
1324504098,3.850600000000,2.000000000000
1324504112,3.850100000000,5.943990600000
1324504112,3.850000000000,0.149705160000
1324504180,3.850600000000,19.477500000000
1324504181,3.850600000000,284.045000000000
1324504216,3.850600000000,0.690000000000
1324504243,3.850600000000,0.082500000000
1324504316,3.850300000000,0.301000000000
1324504425,3.850600000000,1.000000000000
1324504436,3.850400000000,21.000000000000
1324504476,3.850300000000,0.082300000000
1324504507,3.840100000000,21.000000000000
1324504519,3.840100000000,9.047700000000
1324504620,3.850300000000,0.672000000000
1324504668,3.850400000000,21.000000000000
1324504668,3.850300000000,6.328000000000
1324504668,3.840000000000,26.041700000000
1324504668,3.840000000000,1.000000000000
1324504668,3.840000000000,6.182411450000
1324504668,3.830500000000,0.010094710000
1324504669,3.830000000000,58.628391000000
1324504669,3.829070000000,0.345659430000
1324504669,3.821000000000,10.000000000000
1324504669,3.820000000000,99.223581150000
1324504669,3.817060000000,0.065200000000
1324504669,3.812500000000,0.000474750000
1324504669,3.812000000000,2.551918420000
1324504669,3.812000000000,25.000000000000
1324504669,3.811110000000,20.000000000000
1324504669,3.811010000000,50.000000000000
1324504669,3.811000000000,105.225191890000
1324504669,3.811000000000,20.000000000000
1324504669,3.810900000000,62.277600000000
1324504669,3.810680000000,24.154100000000
1324504669,3.810320000000,10.050000000000
1324504669,3.810310000000,103.578832160000
1324504669,3.810010000000,44.515430000000
1324504673,3.850600000000,40.000000000000
1324504709,3.849600000000,21.000000000000
1324504721,3.849600000000,0.082100000000
1324504959,3.830000000000,0.088900000000
1324505011,3.830000000000,0.441100000000
1324505101,3.830060000000,21.000000000000
1324505101,3.829560000000,0.311054200000
1324505101,3.811200000000,4.940000000000
1324505101,3.811200000000,23.748945800000
1324505200,3.840000000000,0.082700000000
1324505276,3.839990000000,5.000000000000
1324505297,3.839990000000,0.020000000000
1324505300,3.839990000000,9.970000000000
1324505300,3.840000000000,11.030000000000
1324505347,3.840000000000,21.000000000000
1324505376,3.840000000000,117.887300000000
1324505376,3.840000000000,4.940000000000
1324505376,3.840000000000,19.899999990000
1324505376,3.840000000000,39.900000000000
1324505636,3.845000000000,5.000000000000
1324505652,3.840700000000,14.690000000000
1324505674,3.845000000000,0.082400000000
1324505753,3.845000000000,19.917600000000
1324505753,3.845000000000,5.660000000000
1324505850,3.845000000000,5.000000000000
1324505916,3.850000000000,0.079200000000
1324505981,3.845200000000,21.000000000000
1324505981,3.845000000000,33.620000000000
1324505987,3.845000000000,2.152082470000
1324505997,3.850000000000,19.920800000000
1324505997,3.850000000000,32.027300000000
1324506010,3.850000000000,150.635892070000
1324506011,3.850000000000,0.250000000000
1324506019,3.850000000000,15.100000000000
1324506042,3.850600000000,62.000000000000
1324506085,3.850100000000,3.000000000000
1324506166,3.850600000000,0.078800000000
1324506257,3.850600000000,23.300000000000
1324506284,3.850600000000,15.832800000000
1324506313,3.850600000000,0.072980830000
1324506369,3.850600000000,0.000246710000
1324506391,3.850600000000,32.000000000000
1324506398,3.850600000000,0.078600000000
1324506433,3.850600000000,6.000000000000
1324506481,3.850600000000,38.955000000000
1324506499,3.850600000000,21.000000000000
1324506546,3.850600000000,21.000000000000
1324506553,3.850600000000,6.000000000000
1324506634,3.850500000000,0.078500000000
1324506640,3.850500000000,9.870836190000
1324506640,3.850600000000,29.084163810000
1324506777,3.850600000000,5.102408650000
1324506777,3.860000000000,0.140000000000
1324506777,3.870050000000,9.900000000000
1324506777,3.880000000000,0.100000000000
1324506777,3.880100000000,50.000000000000
1324506777,3.880100000000,19.899999990000
1324506777,3.880100000000,14.857591360000
1324506951,3.887900000000,6.330000000000
1324506951,3.887900000000,4.940000000000
1324506973,3.888000000000,9.794272110000
1324506991,3.887900000000,0.160000000000
1324507029,3.888000000000,21.000000000000
1324507052,3.887900000000,50.000000000000
1324507071,3.887900000000,1.320886080000
1324507076,3.888000000000,21.000000000000
1324507083,3.887900000000,0.500000000000
1324507085,3.888000000000,14.033300000000
1324507123,3.888000000000,11.172427890000
1324507142,3.890000000000,0.021597400000
1324507142,3.890000000000,0.371461200000
1324507142,3.890000000000,0.014552700000
1324507142,3.890000000000,7.240188700000
1324507178,3.887900000000,11.749113920000
1324507181,3.885000000000,21.000000000000
1324507209,3.885000000000,4.940000000000
1324507209,3.885000000000,19.899999990000
1324507209,3.890000000000,147.160000010000
1324507211,3.890000000000,64.300000000000
1324507264,3.890000000000,90.000000000000
1324507358,3.889000000000,19.800000000000
1324507392,3.890000000000,25.706900000000
1324507432,3.889400000000,14.803000000000
1324507432,3.885200000000,15.000000000000
1324507495,3.890000000000,13.422911290000
1324507495,3.890170000000,0.265440000000
1324507495,3.890400000000,90.153000000000
1324507495,3.895000000000,4.158648710000
1324507667,3.895000000000,9.250379520000
1324507756,3.895100000000,21.000000000000
1324507757,3.895000000000,16.423520480000
1324507778,3.890000000000,49.000000000000
1324507804,3.895000000000,4.890000000000
1324507840,3.895000000000,7.686479520000
1324507879,3.899000000000,2.500000000000
1324507928,3.895100000000,21.000000000000
1324507935,3.894990000000,21.000000000000
1324507958,3.894990000000,1.000000000000
1324507958,3.894990000000,90.000000000000
1324507984,3.890100000000,21.000000000000
1324507984,3.890000000000,79.000000000000
1324508255,3.890300000000,21.000000000000
1324508272,3.890400000000,21.000000000000
1324508272,3.890000000000,0.534000000000
1324508272,3.890000000000,2.570700000000
1324508272,3.889400000000,25.895300000000
1324508281,3.889400000000,24.104700000000
1324508289,3.880000000000,21.000000000000
1324508289,3.880000000000,21.000000000000