1326677824,6.960000000000,30.945379790000
1326677851,6.960000000000,15.000000000000
1326677905,6.960000000000,4.328242170000
1326677988,6.990000000000,14.000000000000
1326677993,6.990000000000,1.000000000000
1326678023,6.960000000000,4.000000000000
1326678085,6.990000000000,80.000000000000
1326678325,6.988950000000,1.000000000000
1326678333,6.960010000000,1.000000000000
1326678358,6.960010000000,2.020000000000
1326678418,6.960010000000,0.010000000000
1326678419,6.988950000000,0.010000000000
1326678496,6.960010000000,2.000000000000
1326678748,6.988950000000,2.803800000000
1326678780,6.988960000000,0.020000000000
1326678813,6.988960000000,1.000000000000
1326678869,6.990000000000,5.200000000000
1326678875,6.960010000000,2.000000000000
1326678895,6.990000000000,0.100000000000
1326678949,6.960010000000,2.660000000000
1326679007,6.960010000000,5.000000000000
1326679038,6.988960000000,0.980000000000
1326679059,6.990000000000,22.695167380000
1326679216,6.990000000000,0.010000000000
1326679232,6.990000000000,45.000000000000
1326679321,6.990000000000,7.154100000000
1326679379,6.990000000000,33.320000000000
1326679492,6.965760000000,22.784327860000
1326679492,6.960010000000,3.844152570000
1326679500,6.960010000000,9.465847430000
1326679500,6.960000000000,23.534152570000
1326679512,6.960000000000,22.192225470000
1326679512,6.956220000000,5.185933870000
1326679512,6.954000000000,0.237147410000
1326679512,6.950000000000,5.384693250000
1326679521,6.950000000000,33.000000000000
1326679574,6.982000000000,32.729400000000
1326679586,6.982000000000,33.000000000000
1326679600,6.982000000000,33.000000000000
1326679606,6.982000000000,100.000000000000
1326679610,6.982000000000,33.000000000000
1326679622,6.982000000000,33.000000000000
1326679635,6.982000000000,33.000000000000
1326679649,6.982000000000,2.270600000000
1326679649,6.950000000000,30.729400000000
1326679659,6.952330000000,5.310227700000
1326679659,6.950000000000,27.689772300000
1326679668,6.950020000000,29.720000000000
1326679668,6.950000000000,3.280000000000
1326679682,6.950000000000,33.000000000000
1326679697,6.987900000000,0.516416940000
1326679698,6.950000000000,33.000000000000
1326679703,6.950000000000,33.000000000000
1326679716,6.950000000000,33.000000000000
1326679727,6.950000000000,33.000000000000
1326679759,6.950020000000,3.130000000000
1326679778,6.950020000000,20.000000000000
1326679805,6.950070000000,0.019900000000
1326679814,6.950070000000,4.980100000000
1326679820,6.960000000000,3.253961920000
1326679822,6.960010000000,0.660000000000
1326679832,6.987900000000,4.832671720000
1326679841,6.987910000000,2.000000000000
1326679849,6.990000000000,21.173100000000
1326679866,6.960010000000,0.041934420000
1326679875,6.990000000000,31.080027180000
1326679883,6.960010000000,0.660000000000
1326679892,6.960010000000,0.660000000000
1326679897,6.960010000000,2.924103660000
1326680034,6.950000000000,7.200000000000
1326680182,6.950000000000,12.905323210000
1326680182,6.950000000000,5.000000000000
1326680182,6.950000000000,1.006036220000
1326680183,6.950000000000,4.519999990000
1326680228,6.950000000000,55.021826020000
1326680228,6.960000000000,0.470000000000
1326680228,6.970000000000,0.500000000000
1326680228,6.970000000000,2.000000000000
1326680228,6.980000000000,0.500000000000
1326680228,6.990000000000,39.266535340000
1326680228,6.993330000000,1.622569580000
1326680228,6.994210000000,5.639553610000
1326680228,6.994930000000,4.095752910000
1326680228,6.996940000000,1.261179770000
1326680228,6.997020000000,6.402304260000
1326680228,7.000000000000,25.873678510000
1326680265,7.000000000000,135.625497340000
1326680265,7.000000000000,4.374502660000
1326680369,6.995650000000,6.549316330000
1326680369,7.000000000000,0.593583670000
1326680386,6.995430000000,4.700000000000
1326680427,6.995430000000,1.871861220000
1326680427,7.000000000000,0.031913670000
1326680427,7.000000000000,0.580000000000
1326680427,7.000000000000,4.659125110000
1326680439,7.000000000000,15.247421730000
1326680447,7.000000000000,1.093453160000
1326680447,7.000000000000,0.010000000000
1326680447,7.000000000000,0.950000000000
1326680447,7.000000000000,4.000000000000
1326680447,7.000000000000,0.199679300000
1326680447,7.000000000000,0.216652100000
1326680447,7.000000000000,1.000000000000
1326680447,7.000000000000,0.500000000000
1326680447,7.000000000000,50.000000000000
1326680447,7.003640000000,0.035200000000
1326680447,7.007640000000,0.240730000000
1326680447,7.010000000000,16.754285440000
1326680459,7.010000000000,33.245714560000
1326680459,7.019180000000,0.071430000000
1326680459,7.020000000000,1.516538560000
1326680459,7.020000000000,40.166316880000
1326680472,7.020000000000,9.833683120000
1326680472,7.020000000000,3.390000000000
1326680472,7.022610000000,0.715910000000
1326680472,7.023470000000,61.060406880000
1326680483,7.023470000000,75.000000000000
1326680495,7.023470000000,146.663078630000
1326680495,7.023470000000,3.336921370000
1326680504,7.023470000000,7.153078630000
1326680504,7.024120000000,0.330000000000
1326680504,7.024820000000,1.000000000000
1326680504,7.026930000000,1.005000000000
1326680504,7.027850000000,0.010000000000
1326680504,7.029040000000,1.010020000000
1326680504,7.029950000000,0.035000000000
1326680504,7.030000000000,50.000000000000
1326680504,7.031150000000,1.015070000000
1326680504,7.033260000000,1.020150000000
1326680504,7.033610000000,1.000000000000
1326680504,7.034590000000,0.250000000000
1326680504,7.035370000000,0.116850000000
1326680504,7.035720000000,1.000000000000
1326680504,7.037340000000,0.032000000000
1326680504,7.037830000000,1.005000000000
1326680504,7.039940000000,1.010020000000
1326680504,7.039970000000,1.000000000000
1326680504,7.040000000000,1.000000000000
1326680505,7.042080000000,1.005000000000
1326680505,7.044190000000,1.010020000000
1326680505,7.046300000000,1.015070000000
1326680505,7.048410000000,1.020150000000
1326680505,7.048830000000,12.086636760000
1326680505,7.048960000000,3.813800000000
1326680505,7.049000000000,25.000000000000
1326680505,7.049640000000,0.072130000000
1326680505,7.049990000000,4.000000000000
1326680505,7.049990000000,0.413525300000
1326680505,7.050000000000,2.839071210000
1326680505,7.050000000000,3.096760750000
1326680505,7.050000000000,25.635647350000
1326680522,7.030000000000,10.490000000000
1326680522,7.040000000000,0.010000000000
1326680522,7.044540000000,0.150000000000
1326680522,7.050000000000,24.364352650000
1326680522,7.050000000000,1.602450090000
1326680522,7.050000000000,0.307000000000
1326680522,7.050000000000,8.900000000000
1326680522,7.050000000000,3.635325800000
1326680523,7.050520000000,1.025250000000
1326680523,7.050670000000,0.274990000000
1326680523,7.051640000000,0.092800000000
1326680523,7.052640000000,1.030380000000
1326680523,7.054760000000,1.035530000000
1326680523,7.056210000000,0.045820000000
1326680523,7.056880000000,1.040710000000
1326680523,7.057020000000,0.258250000000
1326680523,7.057720000000,20.737141460000
1326680732,7.003820000000,1.440000000000
1326680903,7.037270000000,6.000000000000
1326680949,7.037170000000,6.000000000000
1326680970,7.037270000000,5.000000000000
1326680978,7.037270000000,2.000000000000
1326680996,7.037270000000,29.600000000000
1326681011,7.037290000000,1.230000000000
1326681014,7.037290000000,1.230000000000
1326681016,7.037290000000,1.230000000000
1326681016,7.037290000000,0.010000000000
1326681016,7.037290000000,1.230000000000
1326681017,7.037290000000,6.000000000000
1326681017,7.037290000000,1.230000000000
1326681018,7.037290000000,1.230000000000
1326681019,7.037290000000,1.230000000000
1326681019,7.037290000000,1.230000000000
1326681022,7.037290000000,1.230000000000
1326681022,7.037290000000,1.230000000000
1326681023,7.037290000000,1.054192750000
1326681023,7.037280000000,0.175807250000
1326681024,7.037280000000,1.230000000000
1326681025,7.037280000000,1.230000000000
1326681027,7.037280000000,1.230000000000
1326681028,7.037280000000,1.230000000000
1326681028,7.037280000000,1.230000000000
1326681029,7.037280000000,1.230000000000
1326681032,7.037280000000,1.230000000000
1326681032,7.037280000000,1.230000000000
1326681032,7.037280000000,1.230000000000
1326681033,7.037280000000,1.230000000000
1326681035,7.037280000000,1.230000000000
1326681035,7.037280000000,1.230000000000
1326681035,7.037280000000,1.230000000000
1326681035,7.037280000000,1.230000000000
1326681037,7.037280000000,1.230000000000
1326681037,7.037280000000,1.230000000000
1326681038,7.037280000000,1.230000000000
1326681040,7.037280000000,1.230000000000
1326681040,7.037280000000,1.230000000000
1326681042,7.037280000000,1.230000000000
1326681042,7.037280000000,1.230000000000
1326681042,7.037280000000,1.230000000000
1326681044,7.037280000000,1.230000000000
1326681044,7.037280000000,1.230000000000
1326681045,7.037280000000,1.230000000000
1326681047,7.037280000000,1.230000000000
1326681047,7.037280000000,1.230000000000
1326681047,7.037280000000,1.230000000000
1326681049,7.037280000000,1.230000000000
1326681049,7.037280000000,1.230000000000
1326681052,7.037280000000,1.230000000000
1326681053,7.037280000000,1.230000000000
1326681054,7.037280000000,1.230000000000
1326681058,7.037280000000,0.401169200000
1326681125,6.999900000000,0.075260000000
1326681221,6.999890000000,0.010000000000
1326681221,6.999900000000,1.876431940000
1326681244,6.998820000000,0.010000000000
1326681244,6.998820000000,0.850000000000
1326681282,6.999900000000,5.113568060000
1326681355,6.998820000000,4.558612670000
1326681486,6.998060000000,6.263321230000
1326681531,6.998000000000,0.200000000000
1326681585,6.998010000000,1.033994560000
1326681611,6.998050000000,17.395974090000
1326681617,6.998010000000,0.510000000000
1326681619,6.998010000000,1.000000000000
1326681622,6.998050000000,0.071234130000
1326681646,6.998010000000,4.400893960000
1326681650,6.998000000000,0.599106040000
1326681736,6.998050000000,3.572400000000
1326681877,6.998010000000,11.906000000000
1326681972,6.998050000000,1.000000000000
1326682014,6.998050000000,0.250000000000
1326682132,6.998050000000,1.000000000000
1326682134,6.998010000000,1.010000000000
1326682195,6.998050000000,21.300000000000
1326682271,6.998050000000,0.143760000000
1326682321,6.998050000000,0.200000000000
1326682327,6.998010000000,6.427546950000
1326682338,6.998050000000,10.000000000000
1326682349,6.998010000000,0.220000000000
1326682393,6.998050000000,0.114138930000
1326682603,6.998010000000,12.417847010000
1326682652,6.998010000000,7.582152990000
1326682652,6.998050000000,68.689171620000
1326682652,6.998810000000,3.728675390000
1326682760,6.995020000000,8.171264270000
1326682760,6.985350000000,1.000000000000
1326682760,6.983260000000,1.005000000000
1326682760,6.981170000000,1.010020000000
1326682760,6.980130000000,0.189900000000
1326682760,6.979080000000,1.015070000000
1326682760,6.978790000000,1.000000000000
1326682760,6.976990000000,0.101780000000
1326682760,6.976850000000,0.084100000000
1326682760,6.976700000000,1.005000000000
1326682760,6.974750000000,0.150000000000
1326682760,6.974610000000,1.010020000000
1326682761,6.974510000000,0.185580000000
1326682761,6.972520000000,1.015070000000
1326682761,6.970430000000,1.020150000000
1326682761,6.970400000000,3.000000000000
1326682761,6.970000000000,6.681045730000
1326682826,6.998810000000,8.690558850000
1326682862,6.990000000000,9.650972480000
1326682872,6.998810000000,0.035000000000
1326682880,6.998810000000,0.001068750000
1326682954,6.990000000000,4.200000000000
1326682998,6.998810000000,4.986084340000
1326683061,6.998820000000,0.810000000000
1326683086,7.000000000000,2.895377140000
1326683089,7.000000000000,47.104622860000
1326683158,7.000010000000,2.250000000000
1326683276,7.019900000000,2.000000000000
1326683376,7.019800000000,6.000000000000
1326683396,7.019810000000,1.900000000000
1326683412,7.000010000000,2.000000000000
1326683419,7.010000000000,18.100000000000
1326683450,7.010010000000,0.100000000000
1326683498,7.019600000000,2.000000000000
1326683549,7.010010000000,0.110000000000
1326683561,7.010010000000,1.040000000000
1326683589,7.019600000000,6.000000000000
1326683620,7.019610000000,6.000000000000
1326683633,7.020000000000,4.000000000000
1326683677,7.020010000000,9.252126640000
1326683677,7.020010000000,33.000000000000
1326683683,7.026450000000,0.036000000000
1326683683,7.037490000000,5.438125870000
1326683683,7.039070000000,6.239597080000
1326683683,7.039520000000,6.043318380000
1326683683,7.039540000000,2.408272300000
1326683683,7.040020000000,3.026394170000
1326683683,7.041700000000,1.000000000000
1326683683,7.042720000000,8.134611160000
1326683683,7.043430000000,14.703904080000
1326683683,7.043810000000,1.005000000000
1326683683,7.044490000000,0.075580000000
1326683683,7.045920000000,1.010020000000
1326683683,7.048030000000,1.015070000000
1326683684,7.048060000000,2.435736030000
1326683684,7.049000000000,100.000000000000
1326683684,7.049900000000,25.000000000000
1326683684,7.050000000000,2.000000000000
1326683684,7.050000000000,0.950244760000
1326683684,7.050140000000,1.020150000000
1326683684,7.052260000000,1.025250000000
1326683684,7.054380000000,1.030380000000
1326683684,7.054680000000,0.036570000000
1326683684,7.056500000000,1.035530000000
1326683684,7.056960000000,0.258330000000
1326683684,7.058620000000,1.040710000000
1326683684,7.059000000000,1.045910000000
1326683684,7.059000000000,0.640000000000
1326683684,7.059990000000,0.413164400000
1326683684,7.060000000000,0.398685990000
1326683684,7.060600000000,9.900000000000
1326683684,7.061120000000,1.051140000000
1326683684,7.061790000000,0.029330000000
1326683684,7.063240000000,0.720840000000
1326683685,7.064590000000,0.250000000000
1326683685,7.067110000000,0.010640000000
1326683685,7.067850000000,0.020890000000
1326683685,7.067880000000,0.995000000000
1326683685,7.068120000000,0.086060000000
1326683685,7.068160000000,1.000000000000
1326683685,7.069000000000,47.198000000000
1326683685,7.069500000000,14.363000000000
1326683685,7.069800000000,0.100000000000
1326683685,7.069990000000,0.412619600000
1326683685,7.069990000000,50.000000000000
1326683685,7.070000000000,59.500000000000
1326683685,7.070000000000,0.010773300000
1326683685,7.070000000000,0.021049300000
1326683685,7.070000000000,6.000000000000
1326683692,7.070000000000,6.000000000000
1326683703,7.070000000000,1.716937920000
1326683707,7.070000000000,33.000000000000
1326683712,7.070010000000,5.316984800000
1326683715,7.070020000000,33.000000000000
1326683729,7.070020000000,0.450000000000
1326683737,7.070020000000,0.100000000000
1326683740,7.070020000000,0.010000000000
1326683742,7.070020000000,5.994000000000
1326683753,7.070020000000,0.237800000000
1326683782,7.070020000000,1.228194130000
1326683792,7.070020000000,50.000000000000
1326683797,7.070020000000,3.663021070000
1326683862,7.065710000000,6.521946400000
1326683866,7.065720000000,93.478053600000
1326683874,7.025000000000,0.100000000000
1326683874,7.023310000000,6.522493950000
1326683874,7.020010000000,22.674906050000
1326683878,7.050000000000,11.487546400000
1326683878,7.069910000000,6.000000000000
1326683878,7.070010000000,3.336978930000
1326683878,7.071000000000,14.175474670000
1326683886,7.020010000000,31.072967310000
1326683886,7.020000000000,0.100000000000
1326683886,7.020000000000,1.827032690000
1326683893,7.024050000000,6.701787870000
1326683893,7.020000000000,26.298212130000
1326683902,7.067110000000,6.663710630000
1326683918,7.067120000000,0.010000000000
1326683928,7.067120000000,2.000000000000
1326683935,7.067120000000,0.018073460000
1326683941,7.020710000000,1.630000000000
1326683959,7.067120000000,2.122202890000
1326683972,7.067120000000,2.886520560000
1326683973,7.067120000000,33.000000000000
1326683984,7.067120000000,0.069600000000
1326684013,7.067120000000,8.656887570000
1326684035,7.069810000000,1.417207810000
1326684043,7.020710000000,1.268642840000
1326684043,7.020110000000,2.591443020000
1326684043,7.020000000000,17.259914140000
1326684054,7.020000000000,1.640000000000
1326684108,7.066460000000,6.498229460000
1326684118,7.066470000000,0.123000000000
1326684122,7.030000000000,10.000000000000
1326684122,7.024480000000,4.020000000000
1326684126,7.066470000000,0.123000000000
1326684128,7.066470000000,0.123000000000
1326684128,7.066470000000,6.000000000000
1326684129,7.066470000000,0.123000000000
1326684129,7.066470000000,0.123000000000
1326684132,7.066470000000,0.123000000000
1326684133,7.066470000000,0.123000000000
1326684136,7.066470000000,1.230000000000
1326684136,7.066470000000,1.230000000000
1326684137,7.066470000000,1.230000000000
1326684137,7.066470000000,1.230000000000
1326684137,7.066470000000,1.230000000000
1326684139,7.066470000000,1.230000000000
1326684139,7.066470000000,1.230000000000
1326684139,7.066470000000,1.230000000000
1326684144,7.066470000000,0.150470540000
1326684147,7.024480000000,2.490170700000
1326684147,7.020000000000,30.509829300000
1326684224,7.020000000000,1.320000000000
1326684248,7.067610000000,5.904467810000
1326684248,7.069250000000,0.237800000000
1326684248,7.069920000000,6.000000000000
1326684248,7.070020000000,54.890000000000
1326684248,7.071000000000,21.410998830000
1326684248,7.072060000000,0.352800000000
1326684248,7.073200000000,0.012690000000
1326684249,7.075220000000,0.019780600000
1326684249,7.075630000000,4.737190000000
1326684249,7.075860000000,1.000000000000
1326684249,7.077500000000,1.000000000000
1326684249,7.079000000000,6.000000000000
1326684249,7.079480000000,2.893409200000
1326684249,7.079990000000,0.412241800000
1326684249,7.079990000000,1.000000000000
1326684249,7.080000000000,5.684266400000
1326684249,7.080000000000,5.000000000000
1326684249,7.080000000000,0.010773300000
1326684249,7.080000000000,0.021049600000
1326684249,7.080000000000,5.000000000000
1326684250,7.080000000000,2.000000000000
1326684250,7.080050000000,2.482143660000
1326684250,7.080310000000,2.536525430000
1326684250,7.080400000000,4.424717530000
1326684250,7.080470000000,0.066540000000
1326684250,7.080890000000,1.770075900000
1326684250,7.080900000000,1.891769650000
1326684250,7.080960000000,0.070370000000
1326684250,7.081000000000,9.000000000000
1326684250,7.081400000000,56.706847120000
1326684250,7.081610000000,0.025000000000
1326684250,7.081730000000,0.109370000000
1326684250,7.081810000000,0.010000000000
1326684250,7.081820000000,1.000000000000
1326684250,7.082220000000,0.087460000000
1326684250,7.082540000000,0.019780000000
1326684250,7.082600000000,0.146838570000
1326684250,7.082910000000,0.529411870000
1326684250,7.082910000000,1.000000000000
1326684250,7.082910000000,1.000000000000
1326684250,7.084310000000,0.053870000000
1326684250,7.084660000000,0.155710000000
1326684250,7.085000000000,0.213500000000
1326684251,7.085000000000,0.100000000000
1326684251,7.085050000000,0.132430000000
1326684251,7.085530000000,3.102164030000
1326684251,7.086440000000,2.147108170000
1326684251,7.087000000000,11.870000000000
1326684251,7.087460000000,0.240850000000
1326684251,7.089000000000,50.000000000000
1326684251,7.089170000000,0.496800000000
1326684251,7.089190000000,0.019681200000
1326684251,7.089500000000,0.107200000000
1326684251,7.089840000000,1.848763770000
1326684251,7.090000000000,0.500000000000
1326684251,7.090000000000,0.010663200000
1326684251,7.090000000000,0.020641400000
1326684251,7.090000000000,1.000000000000
1326684251,7.090000000000,10.000000000000
1326684251,7.090000000000,5.000000000000
1326684251,7.090000000000,4.000000000000
1326684251,7.090000000000,0.408955700000
1326684252,7.090000000000,5.000000000000
1326684252,7.090000000000,0.075747480000
1326684252,7.090000000000,100.000000000000
1326684252,7.090000000000,6.000000000000
1326684252,7.090000000000,5.000000000000
1326684252,7.090000000000,0.417693180000
1326684252,7.090000000000,2.316611580000
1326684252,7.090000000000,0.044601000000
1326684252,7.090000000000,6.000000000000
1326684252,7.090000000000,15.000000000000
1326684252,7.091000000000,0.310300000000
1326684252,7.091610000000,0.020000000000
1326684252,7.092830000000,17.744222220000
1326684252,7.093000000000,0.246200000000
1326684252,7.095000000000,8.000000000000
1326684252,7.095000000000,17.003559670000
1326684252,7.095000000000,25.000000000000
1326684252,7.095000000000,110.167204950000
1326684252,7.095020000000,0.643440000000
1326684252,7.096000000000,3.000000000000
1326684252,7.097340000000,1.064700000000
1326684252,7.097460000000,0.330000000000
1326684252,7.097810000000,0.044710000000
1326684252,7.097930000000,9.900000000000
1326684252,7.098000000000,5.000000000000
1326684252,7.098000000000,10.000000000000
1326684252,7.098800000000,2.000000000000
1326684253,7.098910000000,0.029880000000
1326684253,7.099000000000,0.167808210000
1326684253,7.099000000000,10.000000000000
1326684253,7.099050000000,3.010340370000
1326684253,7.099100000000,1.908540600000
1326684253,7.099200000000,0.100000000000
1326684253,7.099380000000,1.917582230000
1326684253,7.099400000000,4.753682150000
1326684253,7.099570000000,3.616761500000
1326684253,7.099610000000,4.219644210000
1326684253,7.099790000000,18.028702700000
1326684253,7.099900000000,0.036178430000
1326684253,7.099920000000,2.522359540000
1326684253,7.099920000000,5.144870100000
1326684253,7.099920000000,3.985968520000
1326684253,7.099940000000,3.827585200000
1326684253,7.100000000000,0.290000000000
1326684253,7.100000000000,8.900000000000
1326684253,7.100000000000,1.408500000000
1326684253,7.100000000000,2.000000000000
1326684253,7.100000000000,1.000000000000
1326684253,7.100000000000,9.945000000000
1326684253,7.100000000000,0.030000000000
1326684253,7.100000000000,0.010662800000
1326684254,7.100000000000,0.020641000000
1326684254,7.100000000000,0.065504600000
1326684254,7.100000000000,70.000000000000
1326684254,7.100000000000,1.000000000000
1326684254,7.100000000000,10.000000000000
1326684254,7.100000000000,0.500000000000
1326684254,7.100000000000,65.000000000000
1326684254,7.100000000000,10.000000000000
1326684254,7.100000000000,31.000000000000
1326684254,7.100000000000,10.000000000000
1326684254,7.100000000000,0.460000000000
1326684254,7.100000000000,0.010000000000
1326684254,7.100000000000,0.042941620000
1326684254,7.100000000000,8.360000000000
1326684254,7.100000000000,1.000000000000
1326684254,7.100000000000,0.100000000000
1326684254,7.100000000000,200.000000000000
1326684254,7.100000000000,0.020000000000
1326684254,7.100000000000,0.022844570000
1326684254,7.100000000000,1.009500000000
1326684254,7.100000000000,89.990694950000
1326684254,7.100000000000,14.711200000000
1326684254,7.100000000000,14.618646900000
1326684254,7.100000000000,0.408714800000
1326684255,7.100000000000,250.000000000000
1326684255,7.100000000000,3.230000000000
1326684255,7.100000000000,1.800000000000
1326684255,7.100000000000,7.000000000000
1326684255,7.100000000000,23.000000000000
1326684255,7.100000000000,2.000000000000
1326684255,7.100000000000,2.000000000000
1326684255,7.100000000000,1.200000000000
1326684255,7.100000000000,5.380000000000
1326684255,7.100000000000,0.500000000000
1326684255,7.100000000000,7.000000000000
1326684255,7.100000000000,0.250000000000
1326684255,7.100000000000,28.577129420000
1326684255,7.100000000000,0.100000000000
1326684255,7.100000000000,5.000000000000
1326684255,7.100000000000,5.500000000000
1326684255,7.100000000000,1.070000000000
1326684255,7.100000000000,0.050000000000
1326684255,7.100000000000,10.000000000000
1326684255,7.100000000000,1.000000000000
1326684255,7.100000000000,10.000000000000
1326684255,7.100000000000,4.000000000000
1326684255,7.100000000000,5.676471680000
1326684255,7.100000000000,2.000000000000
1326684255,7.100000000000,5.000000000000
1326684256,7.100000000000,1.454974870000
1326684256,7.100000000000,1.000000000000
1326684256,7.100000000000,0.100000000000
1326684256,7.100000000000,8.725943220000
1326684256,7.100000000000,0.100000000000
1326684256,7.100000000000,15.000000000000
1326684256,7.100000000000,4.900000000000
1326684256,7.100000000000,18.295441490000
1326684256,7.100000000000,1274.000000000000
1326684256,7.100000000000,1.000000000000
1326684256,7.100000000000,0.670254100000
1326684256,7.100000000000,2.000000000000
1326684256,7.100000000000,5.000000000000
1326684256,7.100000000000,70.000000000000
1326684256,7.100000000000,200.000000000000
1326684256,7.100000000000,0.113983800000
1326684256,7.100100000000,3.291770000000
1326684256,7.100200000000,0.146472930000
1326684256,7.100470000000,0.183860000000
1326684256,7.101000000000,0.010000000000
1326684256,7.101000000000,67.353416730000
1326684256,7.101000000000,0.840924000000
1326684256,7.101610000000,0.015000000000
1326684256,7.102330000000,0.500000000000
1326684256,7.102830000000,0.010130000000
1326684256,7.106400000000,1.000000000000
1326684256,7.107000000000,50.000000000000
1326684256,7.107000000000,0.307600000000
1326684257,7.109000000000,1.000000000000
1326684257,7.109160000000,0.500000000000
1326684257,7.109340000000,12.722831060000
1326684257,7.109400000000,0.500000000000
1326684257,7.109850000000,0.101080000000
1326684257,7.110000000000,50.000000000000
1326684257,7.110000000000,0.010661800000
1326684257,7.110000000000,0.020641800000
1326684257,7.110000000000,0.042350810000
1326684257,7.110000000000,0.408534700000
1326684257,7.110000000000,1.000000000000
1326684257,7.110000000000,2.878004880000
1326684257,7.110770000000,0.136830000000
1326684257,7.111000000000,2.987487360000
1326684257,7.111100000000,10.000000000000
1326684257,7.116590000000,1.000000000000
1326684257,7.116590000000,1.000000000000
1326684257,7.116590000000,1.000000000000
1326684257,7.118000000000,0.146106980000
1326684257,7.118500000000,0.348110000000
1326684257,7.119480000000,73.933104990000
1326684257,7.119790000000,0.094631910000
1326684257,7.120000000000,1.000000000000
1326684258,7.120000000000,100.000000000000
1326684258,7.120000000000,0.010661800000
1326684258,7.120000000000,0.020638600000
1326684258,7.120000000000,5.000000000000
1326684258,7.120000000000,16.000000000000
1326684258,7.120000000000,0.408414000000
1326684258,7.120000000000,0.000576170000
1326684258,7.120000000000,15.803530210000
1326684268,7.120000000000,33.000000000000
1326684274,7.120000000000,0.014350000000
1326684275,7.120000000000,0.500000000000
1326684275,7.120000000000,6.000000000000
1326684283,7.120000000000,1.210000000000
1326684284,7.120000000000,108.613166810000
1326684284,7.120000000000,15.000000000000
1326684284,7.120000000000,0.500000000000
1326684289,7.120000000000,0.500000000000
1326684289,7.120000000000,0.010960000000
1326684289,7.120000000000,0.246040000000
1326684291,7.120000000000,69.432000000000
1326684291,7.120000000000,0.500000000000
1326684292,7.120000000000,0.039560000000
1326684295,7.120000000000,0.150000000000
1326684297,7.120000000000,1.210000000000
1326684299,7.120000000000,0.500000000000
1326684300,7.120000000000,0.066000000000
1326684305,7.120000000000,66.000000000000
1326684305,7.120000000000,53.543654870000
1326684306,7.120000000000,0.500000000000
1326684310,7.120000000000,0.500000000000
1326684311,7.120000000000,66.000000000000
1326684318,7.120000000000,1.210000000000
1326684319,7.120000000000,0.500000000000
1326684320,7.120000000000,9.900000000000
1326684320,7.120000000000,0.500000000000
1326684324,7.120000000000,99.000000000000
1326684324,7.120000000000,0.500000000000
1326684327,7.120000000000,1.210000000000
1326684327,7.120000000000,66.000000000000
1326684332,7.120000000000,0.500000000000
1326684332,7.120000000000,0.010000000000
1326684333,7.120000000000,66.660000000000
1326684343,7.120000000000,6.000000000000
1326684343,7.120000000000,0.500000000000
1326684348,7.120000000000,1.210000000000
1326684351,7.120000000000,0.500000000000
1326684354,7.120000000000,1.210000000000
1326684354,7.120000000000,0.500000000000
1326684357,7.120000000000,66.000000000000
1326684363,7.120000000000,0.500000000000
1326684366,7.120000000000,5.035971220000
1326684367,7.120000000000,33.660000000000
1326684367,7.120000000000,1.210000000000
1326684368,7.120000000000,33.000000000000
1326684368,7.120000000000,0.500000000000
1326684375,7.120000000000,33.000000000000
1326684377,7.120000000000,0.500000000000
1326684378,7.120000000000,0.283800000000
1326684386,7.120080000000,0.653649260000
1326684394,7.120080000000,4.803350740000
1326684394,7.120000000000,10.196649260000
1326684394,7.120000000000,0.500000000000
1326684397,7.120000000000,1.320000000000
1326684399,7.120000000000,0.790000000000
1326684403,7.120000000000,0.500000000000
1326684404,7.120000000000,4.803350740000
1326684405,7.120000000000,33.000000000000
1326684407,7.120000000000,0.500000000000
1326684413,7.120000000000,15.000000000000
1326684413,7.120000000000,0.500000000000
1326684415,7.120000000000,0.500000000000
1326684416,7.120000000000,6.000000000000
1326684416,7.120090000000,0.000806160000
1326684419,7.120000000000,33.000000000000
1326684422,7.120000000000,0.500000000000
1326684426,7.120000000000,5.000000000000
1326684426,7.120000000000,165.000000000000
1326684433,7.120000000000,67.320000000000
1326684434,7.120000000000,15.000000000000
1326684439,7.120000000000,0.500000000000
1326684440,7.120000000000,0.500000000000
1326684443,7.120090000000,0.141950750000
1326684443,7.120500000000,0.977225530000
1326684443,7.122370000000,1.000000000000
1326684443,7.123090000000,0.843930000000
1326684443,7.123260000000,9.305440000000
1326684443,7.123960000000,2.000000000000
1326684443,7.124680000000,0.211150000000
1326684443,7.124770000000,1.006252310000
1326684443,7.126470000000,0.059840000000
1326684443,7.126760000000,0.500000000000
1326684443,7.126760000000,0.500000000000
1326684444,7.126760000000,0.500000000000
1326684444,7.126760000000,0.500000000000
1326684444,7.126760000000,0.500000000000
1326684444,7.128000000000,0.216300000000
1326684444,7.128000000000,10.000000000000
1326684444,7.128360000000,20.000000000000
1326684444,7.128500000000,0.334700000000
1326684444,7.129000000000,0.018377000000
1326684444,7.129500000000,9.000000000000
1326684444,7.129800000000,0.046420000000
1326684444,7.129810000000,2.235765330000
1326684444,7.129830000000,40.102649080000
1326684445,7.120000000000,50.000000000000
1326684448,7.120000000000,0.500000000000
1326684449,7.129830000000,7.103614040000
1326684451,7.120000000000,99.000000000000
1326684452,7.120000000000,189.919309490000
1326684452,7.120000000000,0.500000000000
1326684459,7.120000000000,99.000000000000
1326684459,7.129830000000,2.793736880000
1326684459,7.129900000000,1.182393860000
1326684460,7.120000000000,3.000000000000
1326684460,7.120000000000,0.500000000000
1326684465,7.120000000000,26.400000000000
1326684474,7.120000000000,33.000000000000
1326684475,7.120000000000,38.000000000000
1326684475,7.120000000000,0.500000000000
1326684481,7.120000000000,1.000000000000
1326684517,7.129800000000,6.000000000000
1326684517,7.129900000000,4.000000000000
1326684528,7.129900000000,4.817606140000
1326684537,7.129910000000,5.561393860000
1326684537,7.120000000000,22.158606140000
1326684579,7.120000000000,33.000000000000
1326684585,7.129800000000,6.000000000000
1326684601,7.129810000000,1.650000000000
1326684605,7.129810000000,25.663988430000
1326684618,7.129810000000,23.423921250000
1326684634,7.129810000000,6.000000000000
1326684643,7.129810000000,3.214890320000
1326684643,7.120000000000,26.485109680000
1326684684,7.120000000000,66.000000000000
1326684685,7.120000000000,33.000000000000
1326684694,7.120000000000,33.000000000000
1326684706,7.120000000000,99.000000000000
1326684712,7.120000000000,168.127502660000
1326684712,7.120000000000,0.082379210000
1326684712,7.120000000000,2.070118130000
1326684716,7.120000000000,33.000000000000
1326684716,7.120000000000,33.000000000000
1326684728,7.120000000000,6.929881870000
1326684771,7.101000000000,2.864361350000
1326684771,7.089120000000,0.683150520000
1326684771,7.076340000000,14.452488130000
1326684785,7.076340000000,38.943643250000
1326684788,7.076330000000,5.776794690000
1326684927,7.058300000000,0.050220000000
1326684927,7.040810000000,0.084700000000
1326684927,7.031000000000,0.357800000000
1326684928,7.030720000000,0.167280000000
1326684954,7.030720000000,0.660000000000
1326684980,7.030720000000,3.300000000000
1326684980,7.030720000000,2.153493410000
1326685055,7.028000000000,1.320000000000
1326685059,7.030710000000,17.846506590000
1326685063,7.028000000000,0.280000000000
1326685068,7.058290000000,4.000000000000
1326685077,7.030610000000,6.000000000000
1326685077,7.058290000000,4.000000000000
1326685091,7.058290000000,4.000000000000
1326685104,7.028000000000,4.400000000000
1326685115,7.028000000000,20.000000000000
1326685123,7.027450000000,0.056140000000
1326685123,7.027440000000,4.543860000000
1326685124,7.027440000000,1.000000000000
1326685134,7.052740000000,1.000000000000
1326685134,7.058290000000,8.000000000000
1326685181,7.027440000000,0.338272260000
1326685211,7.025000000000,10.000000000000
1326685215,7.024990000000,23.542185970000
1326685217,7.027440000000,6.000000000000
1326685247,7.027440000000,77.182314030000
1326685247,7.024640000000,30.380000000000
1326685247,7.024620000000,23.000000000000
1326685247,7.024600000000,69.437685970000
1326685288,7.024600000000,9.189000000000
1326685291,7.024600000000,0.000019390000
1326685319,7.027330000000,0.711500000000
1326685335,7.025000000000,5.000000000000
1326685335,7.027330000000,5.000000000000
1326685345,7.027330000000,0.288500000000
1326685346,7.050000000000,13.826500000000
1326685360,7.050000000000,75.000000000000
1326685364,7.027460000000,6.000000000000
1326685374,7.050000000000,75.000000000000
1326685391,7.050000000000,25.000000000000
1326685400,7.050000000000,11.000000000000
1326685405,7.027460000000,2.000000000000
1326685477,7.027340000000,1.014000000000
1326685480,7.031200000000,0.274600000000
1326685480,7.049900000000,6.000000000000
1326685480,7.050000000000,0.173500000000
1326685480,7.064210000000,20.000000000000
1326685480,7.068840000000,48.551900000000
1326685595,7.068060000000,6.000000000000
1326685595,7.068160000000,5.385412090000
1326685595,7.068840000000,5.776543790000
1326685595,7.073740000000,6.326159530000
1326685595,7.077710000000,0.238210000000
1326685595,7.078650000000,0.035080000000
1326685595,7.090960000000,0.035000000000
1326685595,7.095440000000,2.178567500000
1326685595,7.096960000000,0.010270000000
1326685595,7.100660000000,49.014757090000
1326685607,7.091620000000,9.133115680000
1326685607,7.100660000000,10.560000000000
1326685607,7.100960000000,0.030000000000
1326685607,7.103910000000,0.074500000000
1326685607,7.105670000000,0.040640000000
1326685607,7.110960000000,0.025000000000
1326685607,7.118400000000,3.500000000000
1326685607,7.118500000000,5.707692560000
1326685608,7.120000000000,2.000000000000
1326685608,7.120000000000,0.015000000000
1326685608,7.120960000000,0.020000000000
1326685608,7.126820000000,20.000000000000
1326685608,7.127420000000,0.238560000000
1326685608,7.127430000000,1.000000000000
1326685608,7.128650000000,1.604665190000
1326685608,7.128720000000,2.442522990000
1326685608,7.129340000000,15.821075960000
1326685608,7.129900000000,1.000000000000
1326685608,7.129970000000,0.100000000000
1326685608,7.129990000000,0.100000000000
1326685608,7.130000000000,0.010660800000
1326685608,7.130000000000,0.020637000000
1326685608,7.130000000000,1.555929820000
1326685644,7.038280000000,0.500000000000
1326685648,7.129330000000,75.000000000000
1326685658,7.068060000000,6.000000000000
1326685658,7.129340000000,25.560000000000
1326685658,7.129990000000,3.360000000000
1326685658,7.130000000000,40.080000000000
1326685674,7.038280000000,1.655400000000
1326685686,7.123670000000,0.245590000000
1326685686,7.129330000000,3.360000000000
1326685686,7.129340000000,55.000000000000
1326685686,7.130000000000,16.394410000000
1326685691,7.115390000000,10.000000000000
1326685694,7.115390000000,1.713091200000
1326685694,7.130000000000,14.969660180000
1326685694,7.130000000000,5.000000000000
1326685695,7.130000000000,0.408334900000
1326685695,7.130000000000,7.224000000000
1326685695,7.130000000000,15.000000000000
1326685695,7.130000000000,2.237711430000
1326685695,7.130000000000,3.000000000000
1326685695,7.130000000000,1.076584230000
1326685695,7.130760000000,0.023950000000
1326685695,7.130960000000,0.015000000000
1326685695,7.130980000000,0.025070000000
1326685695,7.132000000000,12.451498050000
1326685695,7.132520000000,1.000000000000
1326685695,7.132540000000,1.000000000000
1326685695,7.132700000000,0.040670000000
1326685695,7.133460000000,0.380000000000
1326685695,7.134000000000,1.000000000000
1326685695,7.134510000000,0.071234130000
1326685695,7.134810000000,1.555555560000
1326685695,7.134910000000,0.500000000000
1326685695,7.134910000000,0.500000000000
1326685695,7.134940000000,5.807640320000
1326685707,7.120000000000,0.463670250000
1326685707,7.130000000000,10.560000000000
1326685707,7.134940000000,63.976329750000
1326685722,7.134930000000,150.150000000000
1326685733,7.060010000000,15.000000000000
1326685739,7.129230000000,6.000000000000
1326685740,7.134930000000,3.360000000000
1326685740,7.134930000000,10.560000000000
1326685740,7.134940000000,55.080000000000
1326685740,7.134940000000,15.000000000000
1326685748,7.134930000000,75.000000000000
1326685757,7.134930000000,75.000000000000
1326685769,7.100010000000,0.500000000000
1326685769,7.100010000000,9.225720000000
1326685770,7.134930000000,75.000000000000
1326685772,7.134930000000,75.000000000000
1326685775,7.100010000000,0.500000000000
1326685779,7.100010000000,8.569031720000
1326685783,7.100010000000,0.499500000000
1326685786,7.134930000000,75.000000000000
1326685802,7.134830000000,6.000000000000
1326685802,7.134930000000,144.000000000000
1326685816,7.134940000000,30.000000000000
1326685816,7.134940000000,39.141687830000
1326685816,7.135000000000,20.000000000000
1326685816,7.135000000000,13.602000000000
1326685816,7.135470000000,8.872111110000
1326685816,7.135690000000,68.384201060000
1326685823,7.135690000000,11.615798940000
1326685823,7.135800000000,0.145742850000
1326685823,7.136100000000,0.042290000000
1326685823,7.137000000000,0.010000000000
1326685823,7.137000000000,0.300000000000
1326685823,7.137500000000,1.440400000000
1326685823,7.138000000000,16.445768210000
1326685824,7.138000000000,30.425016790000
1326685824,7.138000000000,69.574983210000
1326685828,7.137990000000,3.107901170000
1326685828,7.138000000000,71.892098830000
1326685838,7.138000000000,57.662917960000
1326685838,7.138840000000,0.011910000000
1326685838,7.139000000000,1.000000000000
1326685838,7.139000000000,16.325172040000
1326685846,7.100010000000,1.020000000000
1326685848,7.139000000000,18.941827960000
1326685849,7.139330000000,41.244547900000
1326685849,7.139900000000,0.100000000000
1326685849,7.139990000000,3.000000000000
1326685849,7.140000000000,0.724530000000
1326685849,7.140000000000,0.010512000000
1326685849,7.140000000000,0.020365700000
1326685849,7.140000000000,1.130000000000
1326685849,7.140000000000,2.000000000000
1326685849,7.140000000000,0.200000000000
1326685849,7.140000000000,3.000000000000
1326685849,7.140000000000,0.408205100000
1326685849,7.140000000000,4.220011340000
1326685859,7.139000000000,10.000000000000
1326685859,7.139990000000,1.000000000000
1326685859,7.140000000000,89.000000000000
1326685868,7.140000000000,77.779988660000
1326685868,7.140000000000,22.220011340000
1326685871,7.140000000000,27.779988660000
1326685871,7.140000000000,2.000000000000
1326685871,7.140000000000,45.220011340000
1326685876,7.138900000000,6.000000000000
1326685876,7.140000000000,3.632988660000
1326685879,7.140010000000,0.686000000000
1326685886,7.140010000000,0.895172910000
1326685888,7.140010000000,0.500000000000
1326685900,7.139910000000,8.000000000000
1326685900,7.140010000000,0.500000000000
1326685900,7.140010000000,3.000000000000
1326685901,7.140010000000,0.167047120000
1326685901,7.140500000000,0.071020000000
1326685901,7.140510000000,0.010000000000
1326685901,7.140560000000,0.461770000000
1326685901,7.142060000000,4.000000000000
1326685901,7.143000000000,7.000000000000
1326685901,7.143140000000,0.050610000000
1326685901,7.143370000000,0.022610000000
1326685901,7.145950000000,1.150730000000
1326685901,7.146600000000,19.366212880000
1326685908,7.146600000000,74.250000000000
1326685909,7.146600000000,38.236831500000
1326685914,7.140010000000,0.500000000000
1326685914,7.140510000000,10.000000000000
1326685914,7.146600000000,2.146955620000
1326685914,7.148000000000,4.000000000000
1326685914,7.148670000000,57.798710460000
1326685914,7.148730000000,1.960710750000
1326685915,7.148840000000,2.093591140000
1326685915,7.148890000000,26.500032030000
1326685927,7.148890000000,10.174244390000
1326685927,7.148900000000,1.000000000000
1326685927,7.148900000000,10.000000000000
1326685927,7.149000000000,0.685860000000
1326685927,7.149500000000,25.000000000000
1326685927,7.149680000000,1.925598230000
1326685928,7.149900000000,4.000000000000
1326685928,7.149900000000,0.100000000000
1326685928,7.149990000000,3.000000000000
1326685928,7.149990000000,19.114297380000
1326685952,7.098650000000,40.000000000000
1326685960,7.138900000000,4.868000000000
1326685964,7.138900000000,0.005299130000
1326686001,7.098690000000,14.890000000000
1326686006,7.138800000000,0.990000000000
1326686017,7.138810000000,0.100000000000
1326686018,7.138810000000,2.870000000000
1326686018,7.100000000000,2.000000000000
1326686019,7.098680000000,0.748843760000
1326686019,7.098640000000,5.348156240000
1326686043,7.098650000000,20.999998310000
1326686053,7.099000000000,0.010000000000
1326686092,7.102030000000,94.592470100000
1326686162,7.102030000000,0.010000000000
1326686166,7.139800000000,6.000000000000
1326686166,7.140000000000,0.010000000000
1326686167,7.144540000000,3.639681490000
1326686199,7.102030000000,3.000000000000
1326686260,7.104990000000,9.000000000000
1326686280,7.139000000000,0.124200000000
1326686324,7.104990000000,1.013714900000
1326686329,7.104990000000,1.030000000000
1326686368,7.130100000000,3.816000000000
1326686368,7.139900000000,2.184000000000
1326686421,7.130330000000,0.511900000000
1326686446,7.104990000000,0.080000000000
1326686472,7.104990000000,2.000000000000
1326686472,7.104990000000,152.985370510000
1326686507,7.104990000000,13.233832310000
1326686514,7.104990000000,3.800200000000
1326686514,7.104990000000,0.500000000000
1326686554,7.130000000000,1.000000000000
1326686576,7.104990000000,3.100000000000
1326686614,7.129890000000,3.000000000000
1326686624,7.129890000000,3.000000000000
1326686624,7.129990000000,0.123000000000
1326686624,7.130000000000,0.827000000000
1326686629,7.104990000000,27.164221890000
1326686654,7.104990000000,5.000000000000
1326686679,7.104990000000,4.720000000000
1326686684,7.129890000000,1.950000000000
1326686708,7.104990000000,3.888300000000
1326686730,7.104990000000,1.970000000000
1326686751,7.129000000000,0.136633160000
1326686751,7.129790000000,6.000000000000
1326686758,7.129910000000,5.623000000000
1326686770,7.129910000000,0.123000000000
1326686773,7.129910000000,0.123000000000
1326686773,7.129910000000,0.123000000000
1326686774,7.129990000000,1.230000000000
1326686774,7.130000000000,8.173000000000
1326686774,7.130200000000,0.123000000000
1326686774,7.130200000000,0.123000000000
1326686774,7.130200000000,0.123000000000
1326686774,7.130200000000,0.123000000000
1326686774,7.130200000000,0.123000000000
1326686774,7.130200000000,0.123000000000
1326686774,7.130200000000,0.123000000000
1326686774,7.130200000000,0.123000000000
1326686774,7.130200000000,0.123000000000
1326686774,7.130200000000,0.123000000000
1326686774,7.144000000000,1.037000000000
1326686778,7.129910000000,0.123000000000
1326686778,7.129910000000,0.123000000000
1326686778,7.129910000000,0.123000000000
1326686779,7.129910000000,0.123000000000
1326686785,7.144000000000,3.963000000000
1326686785,7.144540000000,8.480814870000
1326686785,7.147000000000,0.497000000000
1326686785,7.148920000000,20.000000000000
1326686785,7.149980000000,22.901100000000
1326686785,7.149990000000,19.158085130000
1326686796,7.149980000000,0.123000000000
1326686796,7.149990000000,60.727617490000
1326686796,7.150000000000,0.010503200000
1326686796,7.150000000000,8.900000000000
1326686796,7.150000000000,14.030096060000
1326686809,7.149980000000,0.123000000000
1326686809,7.149980000000,0.123000000000
1326686809,7.149980000000,0.123000000000
1326686809,7.149980000000,0.123000000000
1326686809,7.149980000000,0.123000000000
1326686809,7.149980000000,0.123000000000
1326686809,7.149980000000,0.123000000000
1326686809,7.149980000000,0.123000000000
1326686809,7.149980000000,0.123000000000
1326686810,7.149980000000,0.123000000000
1326686810,7.149980000000,0.123000000000
1326686810,7.149980000000,0.123000000000
1326686810,7.149980000000,0.123000000000
1326686810,7.150000000000,15.969903940000
1326686810,7.150000000000,1.000000000000
1326686810,7.150000000000,0.050000000000
1326686810,7.150000000000,0.020364900000
1326686810,7.150000000000,20.000000000000
1326686810,7.150000000000,10.000000000000
1326686810,7.150000000000,4.000000000000
1326686810,7.150000000000,1.000000000000
1326686810,7.150000000000,0.100000000000
1326686810,7.150000000000,0.275000000000
1326686810,7.150000000000,10.000000000000
1326686810,7.150000000000,1.000000000000
1326686810,7.150000000000,2.000000000000
1326686810,7.150000000000,0.010000000000
1326686810,7.150000000000,0.500000000000
1326686810,7.150000000000,7.475731160000
1326686819,7.139000000000,1.000000000000
1326686822,7.149980000000,0.123000000000
1326686822,7.149980000000,0.123000000000
1326686822,7.149980000000,0.123000000000
1326686822,7.149980000000,0.123000000000
1326686822,7.149980000000,0.123000000000
1326686822,7.149980000000,0.123000000000
1326686822,7.149980000000,0.123000000000
1326686822,7.149980000000,0.123000000000
1326686823,7.149980000000,0.123000000000
1326686823,7.149980000000,0.123000000000
1326686823,7.149980000000,0.123000000000
1326686823,7.150000000000,2.524268840000
1326686823,7.150000000000,5.000000000000
1326686823,7.150000000000,0.358041300000
1326686823,7.150000000000,3.000000000000
1326686823,7.150000000000,4.908449730000
1326686823,7.150000000000,4.570000000000
1326686823,7.150000000000,0.100000000000
1326686823,7.150000000000,0.140089700000
1326686823,7.150000000000,128.046150430000
1326686830,7.143900000000,6.000000000000
1326686830,7.149980000000,0.123000000000
1326686830,7.149980000000,0.123000000000
1326686830,7.149980000000,0.123000000000
1326686830,7.149980000000,0.123000000000
1326686830,7.149980000000,0.123000000000
1326686830,7.149980000000,0.123000000000
1326686830,7.149980000000,0.123000000000
1326686830,7.150000000000,68.139000000000
1326686849,7.149980000000,0.123000000000
1326686849,7.149980000000,0.123000000000
1326686850,7.149980000000,0.123000000000
1326686850,7.149980000000,0.123000000000
1326686850,7.149980000000,0.123000000000
1326686850,7.149980000000,0.123000000000
1326686850,7.149980000000,0.492000000000
1326686902,7.149400000000,0.150000000000
1326686909,7.149420000000,5.000000000000
1326686910,7.149420000000,25.256000000000
1326686913,7.149420000000,19.840000000000
1326686919,7.149420000000,1.000000000000
1326686936,7.149410000000,21.850000000000
1326686939,7.149000000000,0.500000000000
1326686941,7.149000000000,1.000000000000
1326686963,7.131450000000,8.581905790000
1326686967,7.140010000000,50.000000000000
1326686978,7.131450000000,40.000000000000
1326686985,7.131450000000,8.000000000000
1326687047,7.132010000000,101.600000000000
1326687058,7.132010000000,0.149500000000
1326687084,7.132010000000,1.200000000000
1326687104,7.139910000000,6.000000000000
1326687104,7.149000000000,16.650000000000
1326687104,7.149990000000,1.230000000000
1326687104,7.149990000000,1.230000000000
1326687104,7.149990000000,1.230000000000
1326687104,7.149990000000,1.230000000000
1326687104,7.149990000000,1.230000000000
1326687104,7.149990000000,1.230000000000
1326687104,7.149990000000,1.230000000000
1326687104,7.149990000000,1.230000000000
1326687104,7.149990000000,1.230000000000
1326687104,7.149990000000,1.230000000000
1326687104,7.150000000000,35.550000000000
1326687110,7.150000000000,75.000000000000
1326687120,7.139810000000,6.000000000000
1326687120,7.150000000000,29.742849570000
1326687120,7.150000000000,39.257150430000
1326687129,7.150000000000,16.742849570000
1326687129,7.150000000000,1.000000000000
1326687129,7.150000000000,0.100000000000
1326687129,7.150000000000,1.000000000000
1326687129,7.150000000000,5.000000000000
1326687129,7.150000000000,1.000000000000
1326687129,7.150020000000,13.000000000000
1326687130,7.150780000000,0.215410000000
1326687130,7.154500000000,0.139772170000
1326687130,7.156290000000,0.067780000000
1326687130,7.158450000000,0.017330000000
1326687130,7.158510000000,0.812550000000
1326687130,7.158750000000,1.220150000000
1326687130,7.160000000000,0.010503200000
1326687130,7.160000000000,19.673655060000
1326687136,7.149990000000,1.230000000000
1326687137,7.150000000000,5.535991600000
1326687147,7.132000000000,1.000000000000
1326687158,7.131410000000,90.938403700000
1326687175,7.131410000000,46.496194790000
1326687175,7.131410000000,1.830000000000
1326687181,7.131410000000,28.500000000000
1326687189,7.131400000000,0.049000000000
1326687211,7.131400000000,0.091200000000
1326687230,7.122010000000,0.048798020000
1326687230,7.104980000000,0.074201980000
1326687233,7.104980000000,0.123000000000
1326687235,7.104980000000,0.123000000000
1326687237,7.104980000000,0.123000000000
1326687238,7.104980000000,0.123000000000
1326687238,7.104980000000,0.123000000000
1326687240,7.104980000000,0.123000000000
1326687241,7.104980000000,0.123000000000
1326687242,7.104980000000,0.123000000000
1326687242,7.104980000000,0.123000000000
1326687244,7.104980000000,0.123000000000
1326687245,7.104980000000,0.123000000000
1326687245,7.104980000000,0.123000000000
1326687245,7.104980000000,0.123000000000
1326687247,7.104980000000,0.123000000000
1326687247,7.104980000000,2.118800000000
1326687247,7.104980000000,0.123000000000
1326687248,7.104980000000,0.123000000000
1326687249,7.104980000000,0.123000000000
1326687253,7.104980000000,0.123000000000
1326687254,7.104980000000,0.123000000000
1326687255,7.104980000000,0.123000000000
1326687257,7.104980000000,0.123000000000
1326687258,7.104980000000,0.123000000000
1326687258,7.104980000000,0.123000000000
1326687258,7.104980000000,0.123000000000
1326687261,7.104980000000,0.123000000000
1326687262,7.104980000000,0.123000000000
1326687262,7.104980000000,0.232488990000
1326687262,7.103850000000,0.123000000000
1326687263,7.103850000000,0.123000000000
1326687263,7.103850000000,0.123000000000
1326687265,7.103850000000,0.123000000000
1326687265,7.103850000000,0.123000000000
1326687266,7.103850000000,0.123000000000
1326687266,7.103850000000,0.123000000000
1326687266,7.103850000000,0.123000000000
1326687269,7.103850000000,0.123000000000
1326687269,7.103850000000,0.123000000000
1326687269,7.103850000000,0.123000000000
1326687270,7.103850000000,0.123000000000
1326687270,7.103850000000,0.123000000000
1326687272,7.103850000000,0.123000000000
1326687272,7.103850000000,0.123000000000
1326687274,7.103850000000,0.123000000000
1326687274,7.103850000000,0.123000000000
1326687274,7.103850000000,0.123000000000
1326687277,7.103850000000,0.123000000000
1326687278,7.103850000000,0.018781910000
1326687278,7.102020000000,0.104218090000
1326687282,7.102020000000,0.123000000000
1326687284,7.102020000000,0.123000000000
1326687284,7.102020000000,0.123000000000
1326687284,7.102020000000,0.123000000000
1326687284,7.102020000000,0.123000000000
1326687287,7.102020000000,0.123000000000
1326687287,7.102020000000,0.123000000000
1326687288,7.102020000000,0.123000000000
1326687288,7.102020000000,0.123000000000
1326687302,7.102020000000,0.123000000000
1326687302,7.104970000000,0.826795560000
1326687303,7.104980000000,0.123000000000
1326687305,7.104980000000,0.050204440000
1326687305,7.102020000000,0.072795560000
1326687305,7.102020000000,0.123000000000
1326687306,7.102020000000,0.123000000000
1326687308,7.102020000000,0.123000000000
1326687309,7.102020000000,0.123000000000
1326687309,7.102020000000,0.123000000000
1326687309,7.102020000000,0.123000000000
1326687313,7.106000000000,0.123000000000
1326687313,7.106000000000,0.123000000000
1326687315,7.106000000000,0.123000000000
1326687315,7.106000000000,0.123000000000
1326687316,7.106000000000,0.123000000000
1326687318,7.106000000000,0.123000000000
1326687319,7.106000000000,0.123000000000
1326687319,7.106000000000,0.123000000000
1326687319,7.106000000000,0.123000000000
1326687351,7.102020000000,0.123000000000
1326687353,7.102020000000,0.123000000000
1326687353,7.102020000000,0.123000000000
1326687355,7.102020000000,0.123000000000
1326687356,7.102020000000,0.123000000000
1326687356,7.102020000000,0.123000000000
1326687358,7.102020000000,0.123000000000
1326687358,7.102020000000,3.514877850000
1326687358,7.101000000000,1.000000000000
1326687358,7.101000000000,0.101000000000
1326687358,7.100000000000,0.384122150000
1326687358,7.100000000000,0.075877850000
1326687358,7.100000000000,0.047122150000
1326687359,7.100000000000,0.123000000000
1326687361,7.100000000000,0.123000000000
1326687362,7.100000000000,0.123000000000
1326687362,7.100000000000,0.123000000000
1326687362,7.100000000000,0.123000000000
1326687364,7.100000000000,0.123000000000
1326687364,7.100000000000,0.123000000000
1326687364,7.100000000000,0.123000000000
1326687364,7.100000000000,0.123000000000
1326687366,7.100000000000,0.123000000000
1326687366,7.100000000000,5.000000000000
1326687366,7.100000000000,0.123000000000
1326687367,7.100000000000,0.123000000000
1326687369,7.100000000000,0.123000000000
1326687370,7.100000000000,0.123000000000
1326687370,7.100000000000,0.123000000000
1326687370,7.100000000000,0.123000000000
1326687372,7.100000000000,0.123000000000
1326687372,7.100000000000,0.123000000000
1326687372,7.100000000000,0.123000000000
1326687372,7.100000000000,0.123000000000
1326687374,7.100000000000,0.123000000000
1326687374,7.100000000000,0.123000000000
1326687379,7.100000000000,0.156845020000
1326687380,7.100000000000,0.123000000000
1326687381,7.100000000000,0.123000000000
1326687382,7.100000000000,0.123000000000
1326687383,7.100000000000,0.123000000000
1326687385,7.100000000000,0.123000000000
1326687385,7.100000000000,0.123000000000
1326687386,7.100000000000,0.123000000000
1326687386,7.100000000000,0.123000000000
1326687388,7.100000000000,0.123000000000
1326687388,7.100000000000,0.123000000000
1326687391,7.100000000000,0.123000000000
1326687391,7.100000000000,0.123000000000
1326687393,7.100000000000,0.123000000000
1326687393,7.100000000000,0.123000000000
1326687395,7.100000000000,0.123000000000
1326687395,7.100000000000,0.123000000000
1326687395,7.100000000000,0.123000000000
1326687396,7.100000000000,0.123000000000
1326687398,7.100000000000,0.123000000000
1326687398,7.100000000000,0.123000000000
1326687398,7.100000000000,0.123000000000
1326687400,7.100000000000,0.123000000000
1326687400,7.100000000000,0.123000000000
1326687400,7.100000000000,0.123000000000
1326687402,7.100000000000,0.123000000000
1326687403,7.100000000000,0.123000000000
1326687403,7.100000000000,0.123000000000
1326687405,7.100000000000,0.123000000000
1326687406,7.100000000000,0.123000000000
1326687406,7.100000000000,0.123000000000
1326687410,7.100000000000,75.000000000000
1326687423,7.102100000000,0.429200670000
1326687425,7.102100000000,0.750499330000
1326687445,7.100000000000,37.863511680000
1326687458,7.110000000000,1.000000000000
1326687459,7.129900000000,6.000000000000
1326687459,7.129900000000,3.360000000000
1326687459,7.130000000000,0.048000000000
1326687459,7.132000000000,3.464008400000
1326687459,7.150000000000,10.000000000000
1326687459,7.150000000000,2.063621810000
1326687466,7.159980000000,3.022836410000
1326687466,7.160000000000,35.383995810000
1326687474,7.110000000000,4.000000000000
1326687485,7.101990000000,2.000000000000
1326687504,7.120000000000,0.854109410000
1326687586,7.130000000000,1.000000000000
1326687706,7.130000000000,2.000000000000
1326687713,7.130000000000,1.000000000000
1326687721,7.130000000000,16.000000000000
1326687721,7.130000000000,2.805049090000
1326687721,7.110100000000,1.101000000000
1326687721,7.110000000000,0.093950910000
1326687756,7.110000000000,0.391000000000
1326687771,7.112920000000,1.000000000000
1326687823,7.130900000000,0.030000000000
1326687950,7.112930000000,0.512700000000
1326688002,7.130600000000,3.881700000000
1326688042,7.130600000000,1.000000000000
1326688095,7.112930000000,5.577300000000
1326688095,7.112920000000,5.487363620000
1326688095,7.100000000000,2.517447330000
1326688104,7.100000000000,0.156860720000
1326688166,7.100000000000,0.843139280000
1326688215,7.099990000000,0.632883000000
1326688232,7.099990000000,0.000001400000
1326688258,7.088400000000,5.000000000000
1326688343,7.099890000000,6.000000000000
1326688349,7.099900000000,6.000000000000
1326688356,7.099990000000,0.200000000000
1326688425,7.099900000000,6.000000000000
1326688430,7.099900000000,0.710000000000
1326688469,7.099900000000,3.000000000000
1326688501,7.099900000000,6.000000000000
1326688552,7.099990000000,2.882828000000
1326688572,7.099900000000,6.000000000000
1326688579,7.099900000000,7.517087110000
1326688618,7.099900000000,0.202011160000
1326688641,7.099900000000,2.000000000000
1326688642,7.099900000000,5.867401730000
1326688660,7.075130000000,0.010000000000
1326688663,7.072760000000,0.075580000000
1326688669,7.072750000000,3.000000000000