1330762661,4.715220000000,0.438000000000
1330762674,4.715100000000,0.076004300000
1330762674,4.715220000000,0.010000000000
1330762674,4.715230000000,0.010000000000
1330762675,4.715240000000,0.010000000000
1330762675,4.715250000000,0.010000000000
1330762675,4.745000000000,59.883995700000
1330762682,4.744980000000,20.400000000000
1330762683,4.745000000000,79.600000000000
1330762683,4.713720000000,0.010000000000
1330762684,4.713730000000,0.010000000000
1330762684,4.713740000000,0.010000000000
1330762684,4.713750000000,0.010000000000
1330762684,4.745000000000,99.970000000000
1330762687,4.745000000000,100.000000000000
1330762688,4.713720000000,0.010000000000
1330762697,4.713730000000,0.010000000000
1330762697,4.713740000000,0.010000000000
1330762697,4.713750000000,0.010000000000
1330762701,4.742000000000,50.000000000000
1330762705,4.715370000000,0.010000000000
1330762727,4.715380000000,0.010000000000
1330762727,4.715390000000,0.010000000000
1330762727,4.715400000000,0.010000000000
1330762727,4.741980000000,19.720000000000
1330762727,4.742000000000,13.981507520000
1330762727,4.744900000000,5.000000000000
1330762727,4.745000000000,11.268492480000
1330762730,4.715370000000,0.010000000000
1330762754,4.715380000000,0.010000000000
1330762754,4.715390000000,0.010000000000
1330762754,4.715400000000,0.010000000000
1330762755,4.744980000000,19.060000000000
1330762755,4.745000000000,80.910000000000
1330762755,4.715370000000,0.340000000000
1330762757,4.713720000000,0.010000000000
1330762778,4.713730000000,0.010000000000
1330762778,4.713740000000,0.010000000000
1330762778,4.713750000000,0.010000000000
1330762778,4.715370000000,30.126272830000
1330762778,4.745000000000,18.397511820000
1330762778,4.745160000000,0.300000000000
1330762778,4.746900000000,1.146215350000
1330762781,4.713740000000,0.010000000000
1330762781,4.713740000000,0.010000000000
1330762782,4.713740000000,0.010000000000
1330762805,4.713750000000,0.010000000000
1330762808,4.713760000000,0.010000000000
1330762809,4.713760000000,0.010000000000
1330762809,4.713760000000,0.010000000000
1330762809,4.713760000000,0.010000000000
1330762822,4.713760000000,20.580000000000
1330762823,4.713740000000,30.315757760000
1330762823,4.713720000000,0.010513020000
1330762823,4.710370000000,0.040000000000
1330762823,4.710370000000,0.040000000000
1330762823,4.710220000000,0.040000000000
1330762823,4.710220000000,0.040000000000
1330762823,4.710070000000,0.030000000000
1330762823,4.710070000000,0.040000000000
1330762823,4.710070000000,0.040000000000
1330762823,4.710070000000,0.040000000000
1330762823,4.710070000000,0.040000000000
1330762823,4.710070000000,0.040000000000
1330762823,4.710070000000,0.040000000000
1330762823,4.710070000000,0.040000000000
1330762823,4.710070000000,0.040000000000
1330762823,4.710070000000,0.040000000000
1330762823,4.710070000000,0.040000000000
1330762823,4.710070000000,0.040000000000
1330762823,4.710070000000,0.040000000000
1330762823,4.710070000000,0.040000000000
1330762823,4.710070000000,0.040000000000
1330762823,4.710070000000,0.040000000000
1330762823,4.710070000000,0.040000000000
1330762824,4.710070000000,0.040000000000
1330762824,4.710070000000,0.040000000000
1330762824,4.710070000000,0.040000000000
1330762824,4.710070000000,0.040000000000
1330762824,4.710070000000,0.040000000000
1330762824,4.710070000000,0.040000000000
1330762824,4.708720000000,0.040000000000
1330762824,4.708720000000,0.040000000000
1330762824,4.708720000000,0.040000000000
1330762824,4.708720000000,0.040000000000
1330762824,4.708720000000,0.040000000000
1330762824,4.708720000000,0.040000000000
1330762824,4.708720000000,0.040000000000
1330762824,4.708720000000,0.040000000000
1330762824,4.708720000000,0.040000000000
1330762824,4.708720000000,0.040000000000
1330762824,4.705070000000,0.040000000000
1330762824,4.705070000000,0.040000000000
1330762824,4.705000000000,47.548278420000
1330762847,4.745710000000,0.119167430000
1330762847,4.746880000000,17.950000000000
1330762848,4.746900000000,25.879767340000
1330762853,4.714690000000,0.010000000000
1330762859,4.714690000000,0.109291750000
1330762859,4.709690000000,0.040000000000
1330762859,4.705000000000,9.955730810000
1330762861,4.714700000000,0.010000000000
1330762861,4.714710000000,0.010000000000
1330762861,4.714720000000,0.010000000000
1330762861,4.746880000000,18.520000000000
1330762861,4.746900000000,81.450000000000
1330762869,4.746900000000,50.000000000000
1330762869,4.746900000000,6.329113920000
1330762869,4.705000000000,0.010000000000
1330762889,4.705010000000,0.010000000000
1330762905,4.705020000000,0.010000000000
1330762905,4.705030000000,0.010000000000
1330762905,4.742980000000,17.900000000000
1330762905,4.743000000000,32.080000000000
1330762912,4.705000000000,0.010000000000
1330762913,4.705010000000,0.010000000000
1330762913,4.705020000000,0.010000000000
1330762913,4.705030000000,0.010000000000
1330762913,4.742980000000,17.310000000000
1330762913,4.743000000000,82.660000000000
1330762915,4.743000000000,50.000000000000
1330762917,4.705000000000,0.010000000000
1330762926,4.705000000000,1.120000000000
1330762927,4.705010000000,0.010000000000
1330762927,4.705020000000,0.010000000000
1330762927,4.705030000000,0.010000000000
1330762927,4.742980000000,16.730000000000
1330762927,4.743000000000,33.240000000000
1330762932,4.743000000000,150.000000000000
1330762932,4.705000000000,0.010000000000
1330762987,4.705000000000,22.000000000000
1330763101,4.705010000000,0.010000000000
1330763101,4.705020000000,0.010000000000
1330763101,4.705030000000,0.010000000000
1330763367,4.707290000000,0.010000000000
1330763368,4.707290000000,0.010000000000
1330763368,4.707290000000,0.010000000000
1330763368,4.707290000000,0.010000000000
1330763370,4.738540000000,0.121344010000
1330763370,4.739880000000,16.180000000000
1330763370,4.739900000000,3.698655990000
1330763375,4.707290000000,0.010000000000
1330763419,4.707300000000,0.010000000000
1330763419,4.707310000000,0.010000000000
1330763419,4.707320000000,0.010000000000
1330763419,4.736610000000,0.118878920000
1330763419,4.737000000000,9.851121080000
1330763423,4.707300000000,0.010000000000
1330763466,4.707310000000,0.010000000000
1330763512,4.707300000000,3.349800000000
1330763512,4.707290000000,0.040891280000
1330763512,4.706410000000,0.119453570000
1330763512,4.705000000000,19.335990770000
1330763512,4.704780000000,0.884551710000
1330763512,4.704160000000,0.122900500000
1330763512,4.702300000000,0.040000000000
1330763512,4.702290000000,0.040000000000
1330763513,4.700440000000,0.994577830000
1330763513,4.700160000000,0.300000000000
1330763513,4.700150000000,0.486000000000
1330763513,4.700000000000,0.040000000000
1330763513,4.700000000000,0.040000000000
1330763513,4.700000000000,0.040000000000
1330763513,4.700000000000,0.040000000000
1330763513,4.700000000000,0.040000000000
1330763513,4.699780000000,0.040000000000
1330763513,4.699240000000,1.004599340000
1330763513,4.699220000000,1.004550200000
1330763513,4.698340000000,1.004562060000
1330763513,4.698100000000,1.004836700000
1330763513,4.697900000000,1.004660420000
1330763513,4.697700000000,1.004584570000
1330763524,4.696310000000,0.010000000000
1330763542,4.695000000000,0.010000000000
1330763652,4.695000000000,0.030000000000
1330763653,4.695000000000,0.040000000000
1330763653,4.695000000000,0.040000000000
1330763653,4.695000000000,0.040000000000
1330763653,4.695000000000,0.040000000000
1330763656,4.694410000000,0.010000000000
1330763680,4.694420000000,0.010000000000
1330763680,4.694430000000,0.010000000000
1330763687,4.694430000000,0.010000000000
1330763687,4.694430000000,0.010000000000
1330763687,4.694430000000,0.010000000000
1330763703,4.694430000000,3.000000000000
1330763842,4.694440000000,0.010000000000
1330763842,4.694440000000,0.010000000000
1330763878,4.694410000000,0.010000000000
1330763930,4.694420000000,0.010000000000
1330763930,4.694430000000,0.010000000000
1330764067,4.694430000000,6.031100000000
1330764067,4.694410000000,0.984814890000
1330764067,4.693420000000,1.004971220000
1330764067,4.693340000000,1.004861060000
1330764067,4.691310000000,0.040000000000
1330764067,4.690000000000,0.040000000000
1330764067,4.689410000000,0.040000000000
1330764067,4.689410000000,0.040000000000
1330764067,4.689410000000,0.040000000000
1330764068,4.686350000000,0.010000000000
1330764068,4.684000000000,0.040000000000
1330764068,4.681160000000,0.300000000000
1330764070,4.679940000000,0.010000000000
1330764113,4.679940000000,21.951305320000
1330764116,4.676350000000,0.010000000000
1330764121,4.674940000000,0.040000000000
1330764121,4.674940000000,0.040000000000
1330764121,4.674940000000,0.020000000000
1330764123,4.674940000000,0.010000000000
1330764142,4.674940000000,0.010000000000
1330764146,4.671450000000,0.010000000000
1330764161,4.671450000000,0.010000000000
1330764163,4.671450000000,0.010000000000
1330764173,4.671450000000,0.010000000000
1330764189,4.671450000000,0.010000000000
1330764249,4.671450000000,0.342215940000
1330764249,4.671350000000,0.040000000000
1330764252,4.670000000000,0.010000000000
1330764289,4.670000000000,0.010000000000
1330764289,4.670000000000,0.010000000000
1330764289,4.670000000000,0.010000000000
1330764289,4.670000000000,0.010000000000
1330764292,4.670000000000,0.006315040000
1330764292,4.669940000000,0.003684960000
1330764323,4.669940000000,0.010000000000
1330764351,4.669940000000,0.010000000000
1330764381,4.669940000000,0.010000000000
1330764381,4.669940000000,0.006315040000
1330764384,4.666670000000,0.010000000000
1330764424,4.666670000000,0.024733030000
1330764425,4.666450000000,0.040000000000
1330764425,4.666450000000,0.035266970000
1330764437,4.666670000000,0.010000000000
1330764437,4.666670000000,0.010000000000
1330764450,4.666670000000,0.010000000000
1330764450,4.666670000000,0.008408060000
1330764454,4.666450000000,0.004733030000
1330764489,4.666440000000,0.010000000000
1330764492,4.665900000000,0.010000000000
1330764505,4.665900000000,0.010000000000
1330764543,4.665900000000,0.010000000000
1330764546,4.665900000000,0.010000000000
1330764552,4.665900000000,0.010000000000
1330764555,4.665900000000,0.010000000000
1330764565,4.665900000000,0.010000000000
1330764573,4.665910000000,0.010000000000
1330764577,4.665910000000,0.010000000000
1330764610,4.665920000000,0.010000000000
1330764610,4.665930000000,0.010000000000
1330764614,4.665930000000,0.010000000000
1330764669,4.665930000000,0.010000000000
1330764689,4.665930000000,0.010000000000
1330764730,4.665930000000,0.010000000000
1330764731,4.665930000000,0.010000000000
1330764731,4.665930000000,0.010000000000
1330764764,4.665930000000,0.010000000000
1330764832,4.665930000000,0.910000000000
1330764832,4.665930000000,23.330000000000
1330764832,4.665910000000,26.770057710000
1330764833,4.665900000000,24.404383670000
1330764833,4.665000000000,0.040000000000
1330764833,4.664940000000,0.040000000000
1330764833,4.664940000000,0.040000000000
1330764833,4.661670000000,0.040000000000
1330764833,4.661670000000,0.040000000000
1330764833,4.661640000000,0.513890020000
1330764833,4.661450000000,0.040000000000
1330764833,4.661450000000,0.040000000000
1330764833,4.660910000000,0.040000000000
1330764833,4.660900000000,0.040000000000
1330764833,4.660000000000,2.000000000000
1330764833,4.658790000000,0.176640000000
1330764833,4.657250000000,0.051040000000
1330764833,4.656860000000,0.048395930000
1330764833,4.656860000000,0.024709060000
1330764833,4.656440000000,0.010000000000
1330764834,4.653160000000,0.300000000000
1330764834,4.651900000000,23.980883610000
1330764847,4.651900000000,0.010000000000
1330764848,4.651900000000,0.010000000000
1330764848,4.651900000000,0.010000000000
1330764848,4.651900000000,0.010000000000
1330764853,4.651900000000,0.010000000000
1330764854,4.651900000000,0.010000000000
1330764854,4.651900000000,0.010000000000
1330764854,4.651900000000,0.010000000000
1330764869,4.655000000000,0.010000000000
1330764904,4.665000000000,0.010000000000
1330764904,4.655000000000,0.010000000000
1330764904,4.655000000000,0.010000000000
1330764904,4.655000000000,0.010000000000
1330765003,4.665000000000,0.010000000000
1330765041,4.665940000000,0.010000000000
1330765069,4.665950000000,0.010000000000
1330765128,4.665950000000,1.051569340000
1330765131,4.665000000000,0.010000000000
1330765349,4.665000000000,0.010000000000
1330765350,4.665000000000,0.010000000000
1330765350,4.665000000000,0.010000000000
1330765350,4.665000000000,0.010000000000
1330765350,4.665000000000,0.010000000000
1330765350,4.665000000000,0.010000000000
1330765350,4.665000000000,0.010000000000
1330765350,4.665000000000,0.010000000000
1330765359,4.660000000000,0.010000000000
1330765367,4.660000000000,0.010000000000
1330765372,4.660000000000,0.010000000000
1330765372,4.660000000000,0.010000000000
1330765378,4.655000000000,0.010000000000
1330765395,4.655000000000,0.800000000000
1330765453,4.655010000000,0.010000000000
1330765469,4.655010000000,0.010000000000
1330765476,4.655000000000,2.150000000000
1330765476,4.655000000000,0.040000000000
1330765476,4.651900000000,0.487144150000
1330765476,4.651850000000,17.334118550000
1330765486,4.655020000000,0.010000000000
1330765489,4.651850000000,0.010000000000
1330765504,4.651860000000,0.010000000000
1330765521,4.651870000000,0.010000000000
1330765524,4.651850000000,9.185881450000
1330765524,4.651830000000,0.513369150000
1330765525,4.651360000000,0.024030000000
1330765525,4.650560000000,0.010320000000
1330765525,4.650000000000,0.200000000000
1330765525,4.650000000000,27.000000000000
1330765525,4.650000000000,0.040000000000
1330765525,4.650000000000,0.040000000000
1330765525,4.647950000000,0.010000000000
1330765525,4.647950000000,0.010000000000
1330765525,4.647950000000,0.010000000000
1330765525,4.647950000000,0.010000000000
1330765525,4.647950000000,0.010000000000
1330765525,4.647060000000,0.048412730000
1330765525,4.647060000000,0.024765850000
1330765525,4.646900000000,0.040000000000
1330765525,4.646850000000,0.040000000000
1330765525,4.646830000000,0.040000000000
1330765525,4.646830000000,0.040000000000
1330765526,4.646830000000,0.040000000000
1330765526,4.646520000000,0.010000000000
1330765526,4.642380000000,0.046290000000
1330765526,4.642330000000,0.092000000000
1330765526,4.642010000000,0.513491480000
1330765526,4.640000000000,2.000000000000
1330765526,4.639770000000,0.202630000000
1330765526,4.638960000000,0.024980000000
1330765526,4.638880000000,0.498290000000
1330765526,4.638100000000,0.354000000000
1330765526,4.637760000000,0.331650000000
1330765526,4.637250000000,0.048407560000
1330765526,4.637250000000,0.024463230000
1330765526,4.636520000000,0.010000000000
1330765526,4.633520000000,0.738310000000
1330765526,4.633520000000,0.012110000000
1330765526,4.633460000000,0.026330000000
1330765526,4.632200000000,0.513515090000
1330765526,4.631160000000,0.300000000000
1330765527,4.630300000000,6.040000000000
1330765527,4.630000000000,0.200000000000
1330765527,4.630000000000,11.137257010000
1330765527,4.630000000000,5.000000000000
1330765527,4.628900000000,0.105020000000
1330765527,4.628720000000,1.000000000000
1330765527,4.628500000000,10.216177810000
1330765527,4.628040000000,0.014080000000
1330765527,4.627700000000,12.455218640000
1330765540,4.651850000000,0.010000000000
1330765540,4.651860000000,0.010000000000
1330765540,4.651870000000,0.010000000000
1330765552,4.651880000000,0.010000000000
1330765555,4.646850000000,0.010000000000
1330765560,4.646850000000,0.010000000000
1330765562,4.646850000000,0.010000000000
1330765602,4.646850000000,0.010000000000
1330765606,4.641850000000,0.010000000000
1330765606,4.641850000000,0.030000000000
1330765606,4.641850000000,0.040000000000
1330765606,4.637700000000,0.010000000000
1330765606,4.637700000000,0.010000000000
1330765606,4.637700000000,0.010000000000
1330765639,4.641000000000,0.010000000000
1330765641,4.637700000000,0.010000000000
1330765655,4.637710000000,0.010000000000
1330765655,4.637720000000,0.010000000000
1330765655,4.637730000000,0.010000000000
1330765658,4.641000000000,0.010000000000
1330765659,4.640900000000,0.010000000000
1330765661,4.640900000000,0.010000000000
1330765673,4.640910000000,0.010000000000
1330765691,4.640920000000,0.010000000000
1330765695,4.640900000000,0.010000000000
1330765709,4.640910000000,0.010000000000
1330765715,4.637720000000,0.010000000000
1330765725,4.637730000000,0.010000000000
1330765743,4.637740000000,0.010000000000
1330765748,4.637750000000,0.010000000000
1330765748,4.640920000000,0.010000000000
1330765748,4.640930000000,0.010000000000
1330765748,4.640930000000,0.010000000000
1330765761,4.641000000000,0.010000000000
1330765766,4.640930000000,0.010000000000
1330765775,4.640940000000,0.010000000000
1330765783,4.640930000000,0.010000000000
1330765783,4.640930000000,0.010000000000
1330765783,4.640930000000,0.010000000000
1330765783,4.640930000000,0.010000000000
1330765792,4.640950000000,0.010000000000
1330765795,4.640930000000,0.010000000000
1330765809,4.637750000000,0.010000000000
1330765812,4.637760000000,0.010000000000
1330765826,4.637770000000,0.010000000000
1330765829,4.637750000000,0.010000000000
1330765836,4.637760000000,0.010000000000
1330765836,4.637770000000,0.010000000000
1330765836,4.637780000000,0.010000000000
1330765836,4.637780000000,0.010000000000
1330765844,4.640940000000,0.010000000000
1330765846,4.640870000000,0.010000000000
1330765860,4.640880000000,0.010000000000
1330765870,4.640890000000,0.010000000000
1330765870,4.640900000000,0.010000000000
1330765877,4.640950000000,0.010000000000
1330765880,4.640900000000,0.010000000000
1330765884,4.640910000000,0.010000000000
1330765884,4.640920000000,0.010000000000
1330765898,4.640930000000,0.010000000000
1330765916,4.640960000000,0.010000000000
1330765919,4.640920000000,0.010000000000
1330765925,4.640000000000,0.010000000000
1330765928,4.640010000000,0.010000000000
1330765928,4.640020000000,0.010000000000
1330765928,4.640030000000,0.010000000000
1330765928,4.640930000000,0.010000000000
1330765928,4.640940000000,0.010000000000
1330765928,4.640950000000,0.010000000000
1330765928,4.640960000000,0.010000000000
1330765932,4.641000000000,0.010000000000
1330765935,4.640970000000,0.010000000000
1330765949,4.640980000000,0.010000000000
1330765965,4.640990000000,0.010000000000
1330765965,4.641000000000,0.180000000000
1330765967,4.641000000000,0.010000000000
1330765969,4.640970000000,0.010000000000
1330765975,4.640980000000,0.010000000000
1330765975,4.640990000000,0.010000000000
1330765975,4.641000000000,0.260439560000
1330765978,4.641000000000,0.190000000000
1330765978,4.640970000000,0.010000000000
1330765983,4.640980000000,0.010000000000
1330765988,4.640990000000,0.010000000000
1330765988,4.641000000000,0.319560440000
1330765988,4.641000000000,0.010000000000
1330765988,4.641000000000,0.010000000000
1330765988,4.641000000000,0.010000000000
1330765988,4.641860000000,0.010000000000
1330765988,4.641860000000,0.010000000000
1330765989,4.641870000000,0.010000000000
1330765989,4.641870000000,0.010000000000
1330765989,4.641880000000,0.010000000000
1330765989,4.641880000000,0.010000000000
1330765989,4.646860000000,0.010000000000
1330765989,4.646860000000,0.010000000000
1330765989,4.646870000000,0.010000000000
1330765989,4.646870000000,0.010000000000
1330765989,4.646880000000,0.010000000000
1330765989,4.646880000000,0.010000000000
1330765989,4.650000000000,3.000000000000
1330765989,4.651880000000,0.010000000000
1330765989,4.655020000000,0.010000000000
1330765989,4.655030000000,0.010000000000
1330765989,4.660010000000,0.010000000000
1330765989,4.660020000000,0.010000000000
1330765989,4.660030000000,0.010000000000
1330765989,4.661070000000,0.120893890000
1330765989,4.665010000000,0.010000000000
1330765989,4.665020000000,0.010000000000
1330765989,4.665030000000,0.010000000000
1330765989,4.666450000000,0.005266970000
1330765990,4.666460000000,0.010000000000
1330765990,4.666460000000,0.010000000000
1330765990,4.666470000000,0.010000000000
1330765990,4.666470000000,0.010000000000
1330765990,4.666480000000,0.001591940000
1330765990,4.666480000000,0.010000000000
1330765990,4.666680000000,0.010000000000
1330765990,4.666680000000,0.010000000000
1330765990,4.666690000000,0.010000000000
1330765990,4.666690000000,0.010000000000
1330765990,4.666700000000,0.003684960000
1330765990,4.666700000000,0.010000000000
1330765990,4.669950000000,0.010000000000
1330765990,4.669960000000,0.010000000000
1330765990,4.669970000000,0.010000000000
1330765990,4.670010000000,0.010000000000
1330765990,4.670020000000,0.010000000000
1330765990,4.670030000000,0.010000000000
1330765990,4.671300000000,0.329784060000
1330765990,4.671460000000,0.010000000000
1330765990,4.671470000000,0.010000000000
1330765990,4.671480000000,0.010000000000
1330765991,4.674790000000,0.712000000000
1330765991,4.674950000000,0.010000000000
1330765991,4.674960000000,0.010000000000
1330765991,4.674970000000,0.010000000000
1330765991,4.676360000000,0.010000000000
1330765991,4.676370000000,0.010000000000
1330765991,4.676380000000,0.010000000000
1330765991,4.676610000000,0.010000000000
1330765991,4.678000000000,0.497217740000
1330766007,4.640050000000,0.010000000000
1330766007,4.640060000000,0.010000000000
1330766007,4.640070000000,0.010000000000
1330766007,4.640080000000,0.010000000000
1330766047,4.642220000000,0.082904010000
1330766048,4.637820000000,28.480000000000
1330766048,4.637800000000,3.400948410000
1330766048,4.637730000000,10.000000000000
1330766048,4.637720000000,10.000000000000
1330766048,4.637700000000,0.010000000000
1330766048,4.637700000000,99.000000000000
1330766048,4.636850000000,0.040000000000
1330766048,4.636850000000,0.040000000000
1330766048,4.635970000000,0.040000000000
1330766048,4.635970000000,0.040000000000
1330766048,4.635970000000,0.040000000000
1330766048,4.635930000000,0.040000000000
1330766048,4.635930000000,0.040000000000
1330766048,4.635920000000,0.040000000000
1330766048,4.635900000000,0.040000000000
1330766048,4.635900000000,0.040000000000
1330766048,4.635900000000,0.040000000000
1330766048,4.635870000000,0.040000000000
1330766048,4.635050000000,0.040000000000
1330766048,4.635000000000,0.040000000000
1330766048,4.632750000000,0.040000000000
1330766048,4.632750000000,0.040000000000
1330766048,4.632750000000,0.040000000000
1330766048,4.632720000000,0.040000000000
1330766048,4.632700000000,0.040000000000
1330766048,4.630440000000,0.121080210000
1330766048,4.630000000000,105.000000000000
1330766048,4.629160000000,0.300000000000
1330766049,4.628300000000,5.710000000000
1330766049,4.628000000000,39.035067370000
1330766063,4.628020000000,0.010000000000
1330766063,4.628020000000,0.010000000000
1330766063,4.628020000000,0.010000000000
1330766077,4.673110000000,0.020000000000
1330766080,4.628020000000,0.010000000000
1330766094,4.628030000000,0.010000000000
1330766097,4.628030000000,0.040000000000
1330766097,4.628040000000,0.010000000000
1330766101,4.628050000000,0.010000000000
1330766118,4.638020000000,0.010000000000
1330766119,4.628050000000,0.010000000000
1330766119,4.628050000000,0.010000000000
1330766132,4.628060000000,0.010000000000
1330766134,4.628030000000,0.010000000000
1330766141,4.628040000000,0.010000000000
1330766141,4.628050000000,0.010000000000
1330766150,4.628060000000,0.010000000000
1330766194,4.638060000000,0.010000000000
1330766194,4.638020000000,0.010000000000
1330766200,4.628050000000,0.200000000000
1330766201,4.628050000000,0.010000000000
1330766202,4.628050000000,0.200000000000
1330766203,4.628050000000,0.200000000000
1330766205,4.628060000000,0.010000000000
1330766224,4.628070000000,0.010000000000
1330766228,4.628050000000,0.010000000000
1330766242,4.628060000000,0.010000000000
1330766263,4.628070000000,0.010000000000
1330766266,4.628050000000,0.010000000000
1330766274,4.628060000000,0.010000000000
1330766274,4.628070000000,0.010000000000
1330766274,4.628080000000,0.010000000000
1330766274,4.628080000000,0.010000000000
1330766274,4.628080000000,0.010000000000
1330766280,4.630000000000,0.010000000000
1330766283,4.628080000000,0.010000000000
1330766300,4.628090000000,0.010000000000
1330766320,4.628100000000,0.010000000000
1330766323,4.628080000000,0.010000000000
1330766339,4.628090000000,0.010000000000
1330766346,4.628100000000,0.010000000000
1330766346,4.628110000000,0.010000000000
1330766346,4.628110000000,0.010000000000
1330766346,4.630000000000,0.170000000000
1330766377,4.640000000000,0.010000000000
1330766381,4.638050000000,0.010000000000
1330766396,4.638060000000,0.010000000000
1330766405,4.633050000000,0.010000000000
1330766414,4.633060000000,0.010000000000
1330766431,4.633070000000,0.010000000000
1330766436,4.633050000000,0.010000000000
1330766442,4.633050000000,0.010000000000
1330766447,4.633060000000,0.010000000000
1330766464,4.633060000000,0.010000000000
1330766464,4.633070000000,0.010000000000
1330766464,4.633070000000,0.010000000000
1330766464,4.633080000000,0.010000000000
1330766464,4.633080000000,0.010000000000
1330766464,4.633080000000,0.010000000000
1330766464,4.638070000000,0.010000000000
1330766465,4.638080000000,0.010000000000
1330766465,4.640000000000,0.190000000000
1330766465,4.650000000000,0.200000000000
1330766465,4.660000000000,0.200000000000
1330766465,4.670000000000,0.200000000000
1330766465,4.670000000000,0.514458850000
1330766465,4.673110000000,0.102255840000
1330766465,4.676130000000,1.179090000000
1330766465,4.677830000000,3.813676950000
1330766468,4.643060000000,0.010000000000
1330766472,4.638060000000,0.010000000000
1330766482,4.638070000000,0.010000000000
1330766498,4.638080000000,0.010000000000
1330766501,4.638060000000,0.010000000000
1330766516,4.638070000000,0.010000000000
1330766522,4.633060000000,0.040000000000
1330766522,4.633060000000,0.229260940000
1330766522,4.633060000000,0.040000000000
1330766522,4.633050000000,0.010000000000
1330766522,4.630020000000,1.080739060000
1330766522,4.630020000000,23.400000000000
1330766522,4.630020000000,0.319260940000
1330766523,4.630000000000,3.800000000000
1330766523,4.628050000000,17.880739060000
1330766527,4.638060000000,0.010000000000
1330766527,4.638060000000,0.010000000000
1330766531,4.628060000000,0.010000000000
1330766532,4.628060000000,0.030000000000
1330766532,4.628050000000,1.890000000000
1330766537,4.628070000000,0.010000000000
1330766540,4.628050000000,0.010000000000
1330766550,4.628060000000,0.010000000000
1330766552,4.628050000000,0.002202500000
1330766573,4.628070000000,0.010000000000
1330766583,4.628050000000,0.010000000000
1330766587,4.628050000000,0.010000000000
1330766590,4.628060000000,0.010000000000
1330766601,4.628060000000,0.010000000000
1330766618,4.628070000000,0.010000000000
1330766621,4.628050000000,0.010000000000
1330766630,4.628060000000,0.010000000000
1330766630,4.628070000000,0.010000000000
1330766630,4.628070000000,0.010000000000
1330766630,4.628080000000,0.010000000000
1330766630,4.628080000000,0.010000000000
1330766630,4.628080000000,0.010000000000
1330766630,4.628080000000,0.010000000000
1330766630,4.628080000000,0.010000000000
1330766630,4.628090000000,0.010000000000
1330766636,4.633070000000,0.010000000000
1330766640,4.628150000000,0.010000000000
1330766644,4.628160000000,0.010000000000
1330766644,4.628170000000,0.010000000000
1330766655,4.628180000000,0.010000000000
1330766669,4.633080000000,0.010000000000
1330766684,4.628050000000,0.010000000000
1330766687,4.628060000000,0.010000000000
1330766704,4.628070000000,0.010000000000
1330766708,4.628050000000,0.010000000000
1330766711,4.628060000000,0.010000000000
1330766711,4.628070000000,0.010000000000
1330766711,4.628080000000,0.010000000000
1330766711,4.628080000000,0.010000000000
1330766711,4.628170000000,0.010000000000
1330766711,4.628180000000,0.010000000000
1330766711,4.628190000000,0.010000000000
1330766711,4.628200000000,0.010000000000
1330766724,4.638080000000,0.010000000000
1330766735,4.628500000000,0.010000000000
1330766747,4.628510000000,0.010000000000
1330766747,4.628520000000,0.010000000000
1330766748,4.628530000000,0.010000000000
1330766761,4.638090000000,0.010000000000
1330766765,4.628520000000,0.010000000000
1330766773,4.628530000000,0.010000000000
1330766776,4.628050000000,0.010000000000
1330766782,4.628060000000,0.010000000000
1330766782,4.628070000000,0.010000000000
1330766782,4.628080000000,0.010000000000
1330766791,4.628540000000,0.010000000000
1330766795,4.628520000000,0.010000000000
1330766807,4.628530000000,0.010000000000
1330766807,4.628540000000,0.010000000000
1330766807,4.628550000000,0.010000000000
1330766807,4.628550000000,0.010000000000
1330766808,4.638090000000,0.010000000000
1330766812,4.630000000000,0.010000000000
1330766820,4.630010000000,0.010000000000
1330766820,4.630020000000,0.010000000000
1330766824,4.630030000000,0.010000000000
1330766994,4.643070000000,0.010000000000
1330766994,4.643080000000,0.010000000000
1330767033,4.643090000000,0.010000000000
1330767328,4.653090000000,0.010000000000
1330767328,4.653090000000,0.010000000000
1330767328,4.653090000000,0.010000000000
1330767328,4.653090000000,0.010000000000
1330767328,4.653090000000,0.010000000000
1330767328,4.653090000000,0.010000000000
1330767328,4.653090000000,0.010000000000
1330767328,4.653090000000,0.010000000000
1330767328,4.653090000000,0.010000000000
1330767328,4.653090000000,0.010000000000
1330767328,4.653090000000,0.010000000000
1330767328,4.653090000000,0.010000000000
1330767334,4.653090000000,0.010000000000
1330767344,4.653080000000,0.010000000000
1330767344,4.653080000000,0.010000000000
1330767344,4.653080000000,0.010000000000
1330767344,4.653080000000,0.010000000000
1330767346,4.643080000000,0.010000000000
1330767349,4.643090000000,0.010000000000
1330767360,4.643080000000,0.020000000000
1330767363,4.640030000000,0.010000000000
1330767367,4.640040000000,0.010000000000
1330767384,4.640050000000,0.010000000000
1330767387,4.640030000000,0.010000000000
1330767388,4.640040000000,0.010000000000
1330767388,4.640050000000,0.010000000000
1330767388,4.640060000000,0.010000000000
1330767388,4.640060000000,0.010000000000
1330767399,4.643080000000,0.010000000000
1330767402,4.643050000000,0.010000000000
1330767409,4.643050000000,0.950000000000
1330767409,4.640030000000,0.010000000000
1330767409,4.640030000000,0.010000000000
1330767410,4.640030000000,0.010000000000
1330767410,4.640030000000,0.010000000000
1330767410,4.640030000000,0.010000000000
1330767410,4.640030000000,0.010000000000
1330767410,4.640030000000,0.010000000000
1330767410,4.640030000000,0.010000000000
1330767410,4.640030000000,0.010000000000
1330767413,4.638080000000,0.010000000000
1330767417,4.638090000000,0.010000000000
1330767436,4.638100000000,0.010000000000
1330767439,4.638080000000,0.010000000000
1330767451,4.638090000000,0.010000000000
1330767451,4.638100000000,0.010000000000
1330767451,4.638110000000,0.010000000000
1330767451,4.638110000000,0.010000000000
1330767451,4.643060000000,0.010000000000
1330767455,4.639920000000,0.010000000000
1330767455,4.639920000000,0.010000000000
1330767455,4.639920000000,0.010000000000
1330767455,4.639920000000,0.010000000000
1330767455,4.643070000000,0.010000000000
1330767455,4.643080000000,0.010000000000
1330767457,4.643080000000,0.010000000000
1330767457,4.643080000000,0.010000000000
1330767457,4.643080000000,0.010000000000
1330767457,4.643080000000,0.010000000000
1330767463,4.643100000000,0.010000000000
1330767463,4.643110000000,0.010000000000
1330767473,4.650050000000,0.010000000000
1330767473,4.643110000000,0.010000000000
1330767473,4.643110000000,0.010000000000
1330767473,4.643110000000,0.010000000000
1330767546,4.653110000000,0.010000000000
1330767546,4.653110000000,0.010000000000
1330767546,4.653110000000,0.010000000000
1330767546,4.653110000000,0.010000000000
1330767546,4.643110000000,3.938800000000
1330767551,4.643110000000,0.010000000000
1330767551,4.643110000000,0.010000000000
1330767551,4.643110000000,0.010000000000
1330767551,4.643110000000,0.010000000000
1330767595,4.677850000000,0.496000000000
1330767595,4.678000000000,0.651100000000
1330767599,4.653110000000,0.010000000000
1330767599,4.653110000000,0.010000000000
1330767599,4.653110000000,0.010000000000
1330767602,4.650000000000,0.010000000000
1330767607,4.650010000000,0.010000000000
1330767624,4.650020000000,0.010000000000
1330767627,4.650000000000,0.010000000000
1330767634,4.650000000000,9.980000000000
1330767635,4.645000000000,0.040000000000
1330767635,4.645000000000,0.040000000000
1330767635,4.643110000000,0.108677850000
1330767638,4.650010000000,0.010000000000
1330767638,4.650020000000,0.010000000000
1330767642,4.650030000000,0.010000000000
1330767649,4.643110000000,0.010000000000
1330767658,4.643120000000,0.010000000000
1330767676,4.643130000000,0.010000000000
1330767678,4.643110000000,0.010000000000
1330767696,4.643120000000,0.010000000000
1330767715,4.643130000000,0.010000000000
1330767716,4.643140000000,0.010000000000
1330767716,4.643140000000,0.010000000000
1330767719,4.643110000000,0.010000000000
1330767728,4.643120000000,0.010000000000
1330767738,4.643130000000,0.010000000000
1330767743,4.643110000000,0.010000000000
1330767746,4.643120000000,0.010000000000
1330767763,4.643130000000,0.010000000000
1330767765,4.643110000000,0.010000000000
1330767781,4.643120000000,0.010000000000
1330767799,4.643130000000,0.010000000000
1330767803,4.643110000000,0.010000000000
1330767816,4.643120000000,0.010000000000
1330767833,4.643130000000,0.010000000000
1330767837,4.643110000000,0.010000000000
1330767851,4.643120000000,0.010000000000
1330767855,4.643130000000,0.010000000000
1330767855,4.643140000000,0.010000000000
1330767855,4.643140000000,0.010000000000
1330767856,4.643140000000,0.010000000000
1330767856,4.643140000000,0.010000000000
1330767856,4.643140000000,0.010000000000
1330767856,4.650030000000,0.010000000000
1330767856,4.653100000000,1.235000000000
1330767856,4.678000000000,7.465224450000
1330767856,4.679160000000,0.300000000000
1330767856,4.679330000000,10.000000000000
1330767856,4.679360000000,1.982375550000
1330767859,4.643110000000,0.010000000000
1330767860,4.643140000000,0.010000000000
1330767860,4.679360000000,0.990000000000
1330767866,4.643120000000,0.010000000000
1330767866,4.643130000000,0.010000000000
1330767866,4.679360000000,2.980000000000
1330767871,4.653110000000,0.010000000000
1330767873,4.653120000000,0.010000000000
1330767873,4.653130000000,0.010000000000
1330767873,4.653140000000,0.010000000000
1330767873,4.679360000000,4.182684190000
1330767873,4.679950000000,0.010000000000
1330767874,4.679960000000,0.010000000000
1330767874,4.679970000000,0.010000000000
1330767874,4.680000000000,0.757315810000
1330767908,4.653110000000,0.010000000000
1330767918,4.653120000000,0.010000000000
1330767918,4.653130000000,0.010000000000
1330767918,4.653140000000,0.010000000000
1330767959,4.680000000000,0.600684190000
1330767959,4.680000000000,0.200000000000
1330767960,4.682000000000,1.203500000000
1330767960,4.686610000000,0.010000000000
1330767960,4.690000000000,0.200000000000
1330767977,4.690000000000,0.010000000000
1330767977,4.690000000000,0.010000000000
1330767977,4.690000000000,0.010000000000
1330767977,4.690000000000,0.010000000000
1330768018,4.690990000000,0.545280000000
1330768018,4.694440000000,0.010000000000
1330768018,4.695010000000,0.010000000000
1330768018,4.695020000000,0.010000000000
1330768018,4.695030000000,0.010000000000
1330768018,4.696160000000,0.300000000000
1330768018,4.696320000000,0.010000000000
1330768018,4.696330000000,0.010000000000
1330768018,4.696340000000,0.010000000000
1330768018,4.696610000000,0.010000000000
1330768018,4.697290000000,0.374720000000
1330768023,4.690000000000,0.010000000000
1330768036,4.690010000000,0.010000000000
1330768053,4.690020000000,0.010000000000
1330768056,4.690000000000,0.010000000000
1330768070,4.690010000000,0.010000000000
1330768085,4.690020000000,0.010000000000
1330768093,4.690000000000,0.010000000000
1330768137,4.690010000000,0.010000000000
1330768137,4.690020000000,0.010000000000
1330768137,4.690030000000,0.010000000000
1330768137,4.690030000000,0.010000000000
1330768137,4.690030000000,0.010000000000
1330768137,4.691000000000,0.485510000000
1330768137,4.697270000000,3.674990000000
1330768143,4.690000000000,0.010000000000
1330768242,4.690010000000,0.010000000000
1330768242,4.690020000000,0.010000000000
1330768242,4.690030000000,0.010000000000
1330768284,4.697270000000,0.010000000000
1330768300,4.695300000000,0.010000000000
1330768309,4.695310000000,0.010000000000
1330768312,4.695300000000,0.211125970000
1330768330,4.695320000000,0.010000000000
1330768338,4.695300000000,0.010000000000
1330768353,4.695310000000,0.010000000000
1330768399,4.695320000000,0.010000000000
1330768399,4.695330000000,0.010000000000
1330768399,4.695330000000,0.010000000000
1330768399,4.697270000000,1.335000000000
1330768402,4.695300000000,0.010000000000
1330768434,4.695310000000,0.010000000000
1330768434,4.695320000000,0.010000000000
1330768434,4.695330000000,0.010000000000
1330768448,4.697270000000,1.000000000000
1330768453,4.695450000000,0.010000000000
1330768492,4.695460000000,0.010000000000
1330768493,4.695470000000,0.010000000000
1330768493,4.695480000000,0.010000000000
1330768493,4.697270000000,0.030000000000
1330768495,4.695450000000,0.010000000000
1330768509,4.695460000000,0.010000000000
1330768509,4.695470000000,0.010000000000
1330768509,4.695480000000,0.010000000000
1330768509,4.697270000000,0.030000000000
1330768516,4.695450000000,0.010000000000
1330768594,4.695460000000,0.010000000000
1330768594,4.695470000000,0.010000000000
1330768594,4.695480000000,0.010000000000
1330768594,4.697270000000,0.030000000000
1330768596,4.695600000000,0.010000000000
1330768644,4.695610000000,0.010000000000
1330768646,4.695600000000,0.502000000000
1330768646,4.695450000000,0.466000000000
1330768646,4.695300000000,2.923574030000
1330768649,4.690600000000,0.010000000000
1330768655,4.690610000000,0.010000000000
1330768655,4.690620000000,0.010000000000
1330768655,4.690630000000,0.010000000000
1330768656,4.695620000000,0.010000000000
1330768656,4.695630000000,0.010000000000
1330768656,4.697290000000,1.450000000000
1330768658,4.690600000000,0.010000000000
1330768696,4.690610000000,0.010000000000
1330768696,4.690620000000,0.010000000000
1330768696,4.690630000000,0.010000000000
1330768819,4.697270000000,1.000000000000
1330768823,4.695000000000,0.010000000000
1330768862,4.695000000000,1.400000000000
1330768862,4.695000000000,18.560000000000
1330768862,4.690600000000,0.020000000000
1330768862,4.690450000000,0.040000000000
1330768862,4.690450000000,0.040000000000
1330768862,4.690450000000,0.040000000000
1330768862,4.690300000000,0.040000000000
1330768863,4.690300000000,0.040000000000
1330768863,4.690300000000,0.040000000000
1330768863,4.690000000000,4.580000000000
1330769000,4.695000000000,3.000000000000
1330769002,4.690000000000,0.010000000000
1330769114,4.690010000000,0.010000000000
1330769114,4.690020000000,0.010000000000
1330769131,4.690000000000,0.010000000000
1330769141,4.690000000000,0.040000000000
1330769141,4.685600000000,0.040000000000
1330769141,4.685600000000,0.040000000000
1330769141,4.685000000000,0.040000000000
1330769141,4.685000000000,0.040000000000
1330769141,4.685000000000,0.040000000000
1330769141,4.685000000000,0.040000000000
1330769141,4.685000000000,0.040000000000
1330769141,4.685000000000,0.040000000000
1330769141,4.681950000000,0.195646330000
1330769141,4.665000000000,0.040000000000
1330769141,4.663140000000,0.010000000000
1330769141,4.663140000000,0.010000000000
1330769142,4.663140000000,0.010000000000
1330769142,4.663140000000,0.010000000000
1330769142,4.663140000000,0.010000000000
1330769142,4.653110000000,0.010000000000
1330769142,4.653110000000,0.010000000000
1330769142,4.653110000000,0.010000000000
1330769142,4.648110000000,0.040000000000
1330769142,4.648110000000,0.040000000000
1330769142,4.643110000000,0.782522150000
1330769142,4.643080000000,0.940000000000
1330769146,4.639160000000,0.010000000000
1330769155,4.639170000000,0.010000000000
1330769155,4.639180000000,0.010000000000
1330769155,4.639190000000,0.010000000000
1330769155,4.640000000000,8.092000000000
1330769160,4.640000000000,0.029831520000
1330769163,4.653080000000,0.010000000000
1330769166,4.639160000000,0.010000000000
1330769173,4.639180000000,0.010000000000
1330769173,4.639170000000,0.010000000000
1330769173,4.639180000000,0.010000000000
1330769173,4.639170000000,0.010000000000
1330769173,4.639190000000,0.010000000000
1330769173,4.639190000000,0.010000000000
1330769259,4.653080000000,0.010000000000
1330769259,4.653080000000,0.010000000000
1330769259,4.653080000000,0.010000000000
1330769259,4.653080000000,0.010000000000
1330769259,4.649190000000,0.010000000000
1330769259,4.642650000000,0.131152240000
1330769259,4.640520000000,10.599347760000
1330769279,4.690010000000,0.010000000000
1330769279,4.690020000000,0.010000000000
1330769279,4.690030000000,0.010000000000
1330769279,4.690030000000,0.010000000000
1330769279,4.691560000000,0.131062070000
1330769279,4.695010000000,0.010000000000
1330769279,4.695020000000,0.010000000000
1330769279,4.695030000000,0.010000000000
1330769279,4.697270000000,1.037337930000
1330769285,4.650000000000,0.010000000000
1330769285,4.650000000000,0.010000000000
1330769285,4.650000000000,0.010000000000
1330769285,4.650000000000,0.010000000000
1330769329,4.655000000000,11.500000000000
1330769339,4.660000000000,0.010000000000
1330769340,4.650000000000,0.010000000000
1330769344,4.650000000000,0.010000000000
1330769354,4.650010000000,0.010000000000
1330769371,4.650010000000,0.010000000000
1330769389,4.650010000000,0.010000000000
1330769408,4.650020000000,0.010000000000
1330769411,4.650000000000,0.010000000000
1330769416,4.650000000000,0.930000000000
1330769416,4.649190000000,0.010000000000
1330769416,4.649190000000,0.010000000000
1330769416,4.649190000000,0.010000000000
1330769416,4.649190000000,0.010000000000
1330769416,4.645000000000,0.040000000000
1330769416,4.645000000000,0.040000000000
1330769416,4.645000000000,0.040000000000
1330769416,4.645000000000,0.040000000000
1330769416,4.644190000000,0.040000000000
1330769420,4.642220000000,0.010000000000
1330769426,4.642230000000,0.010000000000
1330769439,4.642200000000,0.010000000000
1330769440,4.642210000000,0.010000000000
1330769440,4.642220000000,0.010000000000
1330769441,4.642230000000,0.010000000000
1330769445,4.642240000000,0.010000000000
1330769445,4.642250000000,0.010000000000
1330769445,4.643000000000,18.830000000000
1330769447,4.642200000000,0.010000000000
1330769450,4.642210000000,0.010000000000
1330769450,4.642220000000,0.010000000000
1330769450,4.642230000000,0.010000000000
1330769455,4.642200000000,0.010000000000
1330769456,4.642220000000,0.010000000000
1330769456,4.642220000000,0.010000000000
1330769458,4.642230000000,0.010000000000
1330769476,4.650010000000,0.010000000000
1330769479,4.644910000000,0.010000000000
1330769495,4.644920000000,0.010000000000
1330769510,4.644930000000,0.010000000000
1330769514,4.644910000000,0.010000000000
1330769521,4.644910000000,0.110783300000
1330769524,4.642220000000,0.010000000000
1330769528,4.642230000000,0.010000000000
1330769535,4.642240000000,0.010000000000
1330769535,4.642250000000,0.010000000000
1330769535,4.643000000000,8.889216700000
1330769537,4.643000000000,0.009783300000
1330769537,4.642200000000,0.000216700000
1330769539,4.642210000000,0.010000000000
1330769539,4.642220000000,0.010000000000
1330769539,4.642230000000,0.010000000000
1330769545,4.644920000000,0.010000000000
1330769549,4.642220000000,0.010000000000
1330769562,4.642230000000,0.010000000000
1330769562,4.642240000000,0.010000000000
1330769562,4.642250000000,0.010000000000
1330769563,4.644930000000,0.010000000000
1330769575,4.643300000000,0.010000000000
1330769579,4.643310000000,0.010000000000
1330769579,4.643320000000,0.010000000000
1330769583,4.643330000000,0.010000000000
1330769603,4.644940000000,0.010000000000
1330769605,4.643320000000,0.010000000000
1330769611,4.643330000000,0.010000000000
1330769611,4.643340000000,0.010000000000
1330769611,4.643350000000,0.010000000000
1330769615,4.644940000000,0.010000000000
1330769620,4.643400000000,0.010000000000
1330769625,4.643410000000,0.010000000000
1330769625,4.643420000000,0.010000000000
1330769636,4.643430000000,0.010000000000
1330769651,4.650020000000,0.010000000000
1330769653,4.643430000000,0.010000000000
1330769668,4.643440000000,0.010000000000
1330769685,4.643450000000,0.010000000000
1330769687,4.643430000000,0.010000000000
1330769694,4.643420000000,9.990000000000
1330769705,4.643440000000,0.010000000000
1330769708,4.643420000000,0.010000000000
1330769721,4.643430000000,0.010000000000
1330769727,4.643400000000,0.010000000000
1330769731,4.643410000000,0.010000000000
1330769731,4.643420000000,0.010000000000
1330769732,4.643430000000,0.010000000000
1330769732,4.643440000000,0.010000000000
1330769741,4.643450000000,0.010000000000
1330769755,4.643450000000,0.010000000000
1330769760,4.643420000000,0.010000000000
1330769773,4.643430000000,0.010000000000
1330769773,4.643440000000,0.010000000000
1330769789,4.643420000000,0.010000000000
1330769789,4.643430000000,0.010000000000
1330769789,4.643440000000,0.010000000000
1330769789,4.643450000000,0.010000000000
1330769789,4.643450000000,0.010000000000
1330769789,4.643460000000,0.010000000000
1330769789,4.643460000000,0.010000000000
1330769793,4.650020000000,0.010000000000
1330769795,4.650030000000,0.010000000000
1330769795,4.650030000000,0.010000000000
1330769795,4.650030000000,0.010000000000
1330769795,4.650030000000,0.010000000000
1330769795,4.650020000000,0.010000000000
1330769796,4.650040000000,0.010000000000
1330769796,4.650040000000,0.010000000000
1330769796,4.650040000000,0.010000000000
1330769796,4.650040000000,0.010000000000
1330769863,4.680770000000,0.514377060000
1330769965,4.694540000000,0.130464750000
1330770015,4.695000000000,0.039926000000
1330770016,4.697270000000,0.039667720000
1330770020,4.695000000000,0.010000000000
1330770064,4.695000000000,0.032809250000
1330770064,4.695000000000,0.213200000000
1330770065,4.695000000000,4.753990750000
1330770065,4.695010000000,0.010000000000
1330770065,4.695020000000,0.010000000000
1330770065,4.695030000000,0.010000000000
1330770065,4.697270000000,1.612597740000
1330770070,4.694690000000,0.010000000000
1330770073,4.694690000000,0.308000000000
1330770076,4.690000000000,0.010000000000
1330770080,4.690000000000,0.203200000000
1330770080,4.690000000000,0.040000000000
1330770083,4.689690000000,0.010000000000
1330770096,4.689690000000,0.030000000000
1330770096,4.685000000000,0.040000000000
1330770099,4.684690000000,0.010000000000
1330770155,4.684690000000,0.030000000000
1330770156,4.680770000000,0.470000000000
1330770220,4.680770000000,3.498694390000
1330770220,4.680770000000,5.969100000000
1330770220,4.680000000000,15.532205610000
1330770232,4.680000000000,5.000000000000
1330770246,4.680000000000,5.000000000000
1330770329,4.680920000000,0.254000000000
1330770329,4.680150000000,0.254000000000
1330770333,4.679690000000,0.010000000000
1330770340,4.679690000000,0.030000000000
1330770340,4.677000000000,21.970000000000
1330770359,4.674690000000,0.040000000000
1330770361,4.670000000000,3.836302780000
1330770361,4.674690000000,0.010000000000
1330770361,4.677000000000,0.010000000000
1330770361,4.677000000000,0.010000000000
1330770361,4.677000000000,0.010000000000
1330770403,4.677000000000,22.000000000000
1330770413,4.669690000000,0.010000000000
1330770429,4.669690000000,0.030000000000
1330770429,4.665000000000,21.970000000000
1330770450,4.665000000000,22.000000000000
1330770455,4.665000000000,13.977603420000
1330770455,4.664690000000,0.040000000000
1330770455,4.653460000000,0.010000000000
1330770455,4.653460000000,0.010000000000
1330770455,4.653460000000,0.010000000000
1330770455,4.653460000000,0.010000000000
1330770455,4.653460000000,0.010000000000
1330770455,4.643430000000,1.000000000000
1330770455,4.643400000000,6.932396580000
1330770530,4.645000000000,16.000000000000
1330770588,4.669700000000,0.010000000000
1330770588,4.669710000000,0.010000000000
1330770588,4.669720000000,0.010000000000
1330770588,4.679700000000,0.010000000000
1330770588,4.679710000000,0.010000000000
1330770588,4.679720000000,0.010000000000
1330770588,4.684700000000,0.010000000000
1330770588,4.684710000000,0.010000000000
1330770588,4.684720000000,0.010000000000
1330770588,4.689700000000,0.010000000000
1330770589,4.689710000000,0.010000000000
1330770589,4.689720000000,0.010000000000
1330770589,4.690010000000,0.010000000000
1330770589,4.690020000000,0.010000000000
1330770589,4.690030000000,0.010000000000
1330770589,4.694700000000,0.010000000000
1330770589,4.694710000000,0.010000000000
1330770589,4.694720000000,0.010000000000
1330770589,4.697270000000,0.270359160000
1330770594,4.655000000000,0.010000000000
1330770649,4.655000000000,0.010000000000
1330770649,4.655000000000,0.010000000000
1330770649,4.655000000000,0.010000000000
1330770650,4.655000000000,0.010000000000
1330770653,4.650000000000,0.010000000000
1330770656,4.650010000000,0.010000000000
1330770680,4.650020000000,0.010000000000
1330770682,4.650000000000,0.010000000000
1330770699,4.650010000000,0.010000000000
1330770699,4.650030000000,0.010000000000
1330770699,4.650030000000,0.010000000000
1330770699,4.650020000000,0.010000000000
1330770699,4.655000000000,0.460000000000
1330770699,4.655020000000,0.010000000000
1330770699,4.655010000000,0.010000000000
1330770699,4.655030000000,0.010000000000
1330770700,4.690000000000,2.029000000000
1330770702,4.693650000000,0.243076790000
1330770716,4.693650000000,43.175925990000
1330770719,4.665000000000,0.010000000000
1330770733,4.665010000000,0.010000000000
1330770733,4.665020000000,0.010000000000
1330770791,4.665020000000,11.510000000000
1330770791,4.665020000000,10.000000000000
1330770840,4.665020000000,0.100000000000
1330771298,4.665020000000,5.000000000000
1330771547,4.665020000000,0.300000000000
1330771556,4.665030000000,0.010000000000
1330771612,4.690460000000,1.000000000000
1330771623,4.694980000000,10.891100000000
1330771627,4.692070000000,0.010000000000
1330771630,4.692070000000,0.010000000000
1330771633,4.692090000000,0.010000000000
1330771633,4.692080000000,0.010000000000
1330771633,4.692090000000,0.010000000000
1330771633,4.692080000000,0.010000000000
1330771633,4.692100000000,0.010000000000
1330771633,4.692100000000,0.010000000000
1330771651,4.690460000000,0.010000000000
1330771656,4.690480000000,0.010000000000
1330771656,4.690470000000,0.010000000000
1330771656,4.690490000000,0.010000000000
1330771656,4.694980000000,0.144042160000
1330771667,4.687070000000,0.010000000000
1330771681,4.687080000000,0.010000000000
1330771681,4.687090000000,0.010000000000
1330771681,4.687100000000,0.010000000000
1330771681,4.694980000000,0.166782340000
1330771688,4.687070000000,0.010000000000
1330772013,4.687070000000,0.020000000000
1330772013,4.687070000000,0.040000000000
1330772017,4.685460000000,0.010000000000
1330772203,4.685470000000,0.010000000000
1330772203,4.685480000000,0.010000000000
1330772203,4.685490000000,0.010000000000
1330772203,4.687060000000,0.199847550000
1330772207,4.685460000000,0.010000000000
1330772318,4.685460000000,0.020000000000
1330772318,4.682070000000,0.030000000000
1330772556,4.682070000000,0.010000000000
1330772556,4.682070000000,0.040000000000
1330772559,4.680460000000,0.010000000000
1330772687,4.680460000000,0.030000000000
1330772687,4.680460000000,0.040000000000
1330772689,4.675460000000,0.010000000000
1330772910,4.675460000000,0.030000000000
1330772910,4.670460000000,0.040000000000
1330772910,4.665020000000,13.054400000000
1330772910,4.665000000000,0.010000000000
1330772910,4.660000000000,0.040000000000
1330772910,4.650000000000,0.020000000000
1330772913,4.645540000000,0.010000000000
1330772994,4.645540000000,0.119362110000
1330772994,4.645000000000,0.040000000000
1330772994,4.645000000000,0.040000000000
1330772994,4.644890000000,1.004896900000
1330772994,4.642100000000,1.000000000000
1330772994,4.640540000000,0.040000000000
1330772994,4.639910000000,0.040000000000
1330772994,4.639910000000,0.040000000000
1330772994,4.639160000000,0.280000000000
1330772995,4.639140000000,27.090000000000
1330772995,4.639120000000,40.000000000000
1330772995,4.639000000000,14.000000000000
1330772995,4.638460000000,0.040000000000
1330772995,4.638430000000,0.040000000000
1330772995,4.638430000000,0.040000000000
1330772995,4.638420000000,0.040000000000
1330772995,4.638420000000,0.040000000000
1330772995,4.638420000000,0.040000000000
1330772995,4.638400000000,0.040000000000
1330772995,4.638400000000,0.040000000000
1330772995,4.638320000000,0.040000000000
1330772995,4.638300000000,0.040000000000
1330772995,4.638110000000,0.040000000000
1330772995,4.638110000000,0.040000000000
1330772995,4.638110000000,0.040000000000
1330772995,4.638110000000,0.040000000000
1330772995,4.638110000000,0.040000000000
1330772995,4.638110000000,0.040000000000
1330772995,4.638110000000,0.040000000000
1330772995,4.638110000000,0.040000000000
1330772995,4.638080000000,0.020000000000
1330772995,4.638080000000,0.040000000000
1330772995,4.638080000000,0.040000000000
1330772996,4.638070000000,15.485740990000
1330773093,4.638090000000,4.000000000000
1330773251,4.638120000000,1.090000000000
1330773292,4.638100000000,0.010000000000
1330773296,4.638100000000,0.010000000000
1330773298,4.638110000000,0.010000000000
1330773298,4.638110000000,0.010000000000
1330773298,4.638120000000,0.010000000000
1330773298,4.638120000000,0.010000000000
1330773353,4.638130000000,0.010000000000
1330773353,4.638130000000,0.010000000000
1330773362,4.645550000000,0.010000000000
1330773362,4.645560000000,0.010000000000
1330773374,4.645550000000,0.010000000000
1330773374,4.645550000000,0.010000000000
1330773374,4.645550000000,0.010000000000
1330773376,4.645550000000,0.010000000000
1330773385,4.645570000000,0.010000000000
1330773401,4.638120000000,0.010000000000
1330773401,4.638120000000,0.010000000000
1330773401,4.638120000000,0.010000000000
1330773431,4.638130000000,0.010000000000
1330773464,4.638130000000,0.514405990000
1330773663,4.675310000000,0.768000000000
1330773663,4.675470000000,0.010000000000
1330773663,4.675480000000,0.010000000000
1330773663,4.675490000000,0.010000000000
1330773664,4.680450000000,0.930000000000
1330773664,4.680470000000,0.010000000000
1330773664,4.680480000000,0.010000000000
1330773664,4.680490000000,0.010000000000
1330773664,4.682040000000,4.665982870000
1330773681,4.638150000000,0.010000000000
1330773725,4.638150000000,26.020000000000
1330773728,4.638130000000,0.010000000000
1330773731,4.638140000000,11.980000000000
1330773731,4.638140000000,0.010000000000
1330773731,4.638150000000,0.010000000000
1330773731,4.638150000000,13.320000000000
1330773731,4.638130000000,24.680000000000
1330773735,4.638130000000,25.435594010000
1330773736,4.638120000000,11.980000000000
1330773739,4.638100000000,0.010000000000
1330773742,4.638110000000,0.010000000000
1330773742,4.638110000000,11.970000000000
1330773744,4.638100000000,3.372157520000
1330773746,4.638070000000,0.010000000000
1330773753,4.638080000000,0.010000000000
1330773753,4.638090000000,23.640000000000
1330773756,4.638070000000,0.010000000000
1330773780,4.638080000000,0.010000000000
1330773780,4.638090000000,0.010000000000
1330773781,4.638090000000,0.010000000000
1330773781,4.638100000000,0.010000000000
1330773781,4.638100000000,0.010000000000
1330773781,4.638110000000,0.950000000000
1330773784,4.638070000000,0.010000000000
1330773804,4.638080000000,0.010000000000
1330773804,4.638090000000,0.010000000000
1330773854,4.638070000000,0.010000000000
1330773858,4.638080000000,0.010000000000
1330773858,4.638090000000,0.010000000000
1330773938,4.638100000000,0.010000000000
1330773938,4.638100000000,0.010000000000
1330773938,4.638120000000,0.010000000000
1330773938,4.638130000000,0.010000000000
1330773938,4.638160000000,0.010000000000
1330773938,4.638160000000,0.010000000000
1330773938,4.638170000000,0.010000000000
1330773938,4.638180000000,0.010000000000
1330773938,4.682040000000,21.920000000000
1330773942,4.638090000000,0.010000000000
1330773992,4.638100000000,0.010000000000
1330773992,4.638110000000,0.010000000000
1330774004,4.638120000000,0.010000000000
1330774256,4.639160000000,0.290000000000
1330774256,4.638130000000,8.710000000000
1330774261,4.638130000000,0.100000000000
1330774432,4.679320000000,0.124545740000
1330774432,4.682040000000,49.230000000000
1330774437,4.682040000000,3.927254260000
1330774439,4.640310000000,0.010000000000
1330774732,4.640320000000,0.010000000000
1330774732,4.640330000000,0.010000000000
1330774732,4.640340000000,0.010000000000
1330774734,4.650310000000,0.050000000000
1330774734,4.677620000000,0.123719070000
1330774734,4.682040000000,0.826280930000
1330774738,4.645320000000,0.010000000000
1330774827,4.645330000000,0.010000000000
1330774827,4.645340000000,0.010000000000
1330774827,4.645350000000,0.010000000000
1330774827,4.682040000000,0.070000000000
1330774831,4.645320000000,0.010000000000
1330774857,4.645330000000,0.010000000000
1330774857,4.645340000000,0.010000000000
1330774857,4.645350000000,0.010000000000
1330774857,4.682040000000,0.970000000000
1330774859,4.645320000000,0.010000000000
1330774978,4.645330000000,0.010000000000
1330774978,4.645340000000,0.010000000000
1330774979,4.645350000000,0.010000000000
1330774979,4.682040000000,0.970000000000
1330774984,4.645320000000,0.010000000000
1330775160,4.645330000000,0.010000000000
1330775225,4.645340000000,0.010000000000
1330775225,4.645350000000,0.010000000000
1330775257,4.645320000000,0.010000000000
1330775271,4.645320000000,0.043046010000
1330775274,4.645180000000,0.010000000000
1330775281,4.645190000000,0.010000000000
1330775281,4.645200000000,0.010000000000
1330775281,4.645210000000,0.010000000000
1330775281,4.645310000000,0.056953990000
1330775281,4.645330000000,0.010000000000
1330775289,4.645340000000,0.010000000000
1330775289,4.645350000000,0.010000000000
1330775365,4.677160000000,0.118906910000
1330775521,4.678300000000,0.123286940000
1330775545,4.678310000000,6.961449390000
1330775551,4.677170000000,0.010000000000
1330775598,4.677170000000,1.000000000000
1330775602,4.677170000000,15.000000000000
1330775636,4.677180000000,0.010000000000
1330775636,4.677190000000,0.010000000000
1330775636,4.677200000000,0.010000000000
1330775636,4.682060000000,2.770000000000
1330775640,4.677170000000,0.010000000000
1330775932,4.677170000000,0.200000000000
1330775983,4.677170000000,10.000000000000
1330775987,4.677170000000,31.388293090000
1330775990,4.672170000000,0.010000000000
1330776182,4.672170000000,0.030000000000
1330776183,4.672170000000,0.040000000000
1330776183,4.667170000000,0.030000000000
1330776214,4.667170000000,0.010000000000
1330776220,4.647730000000,0.010000000000
1330776471,4.647740000000,0.010000000000
1330776471,4.647750000000,0.010000000000
1330776471,4.647760000000,0.010000000000
1330776471,4.650000000000,12.790000000000
1330776471,4.659800000000,9.167464880000
1330776474,4.647730000000,0.010000000000
1330776563,4.647740000000,0.010000000000
1330776564,4.647750000000,0.010000000000
1330776564,4.647760000000,0.010000000000
1330776564,4.659800000000,49.970000000000
1330776566,4.647730000000,0.010000000000
1330776626,4.647740000000,0.010000000000
1330776685,4.647750000000,0.010000000000
1330776685,4.647760000000,0.010000000000
1330776685,4.659800000000,39.338770620000
1330776685,4.672020000000,0.614000000000
1330776685,4.672180000000,0.010000000000
1330776685,4.672190000000,0.010000000000
1330776685,4.672200000000,0.010000000000
1330776685,4.677160000000,2.895256950000
1330776691,4.647730000000,0.010000000000
1330776836,4.647740000000,0.010000000000
1330776836,4.647750000000,0.010000000000
1330776836,4.647760000000,0.010000000000
1330776836,4.677160000000,0.970000000000
1330776842,4.647730000000,0.010000000000
1330777054,4.647730000000,0.068528370000
1330777057,4.645350000000,0.010000000000
1330777138,4.645350000000,0.020000000000
1330777138,4.645180000000,0.112937460000
1330777138,4.642730000000,0.040000000000
1330777138,4.642730000000,0.040000000000
1330777138,4.642730000000,0.040000000000
1330777138,4.642730000000,0.040000000000
1330777138,4.642730000000,0.040000000000
1330777138,4.640350000000,0.040000000000
1330777138,4.640320000000,0.040000000000
1330777138,4.640320000000,0.040000000000
1330777138,4.640320000000,0.040000000000
1330777138,4.640320000000,0.040000000000
1330777138,4.640320000000,0.040000000000
1330777138,4.640310000000,0.115001510000
1330777139,4.640180000000,0.040000000000
1330777139,4.640060000000,25.160000000000
1330777139,4.640040000000,3.000000000000
1330777139,4.640000000000,11.544611950000
1330777206,4.640060000000,4.746449960000
1330777209,4.640060000000,0.478000000000
1330777220,4.640000000000,0.010000000000
1330777223,4.640010000000,0.010000000000
1330777223,4.640020000000,0.010000000000
1330777264,4.640030000000,0.010000000000
1330777264,4.645200000000,0.478000000000
1330777264,4.645360000000,0.010000000000
1330777264,4.645370000000,0.010000000000
1330777264,4.645380000000,0.010000000000
1330777264,4.647580000000,0.423471630000
1330777264,4.647700000000,0.514353580000
1330777264,4.647740000000,0.010000000000
1330777264,4.647750000000,0.010000000000
1330777264,4.647760000000,0.010000000000
1330777264,4.677180000000,0.010000000000
1330777264,4.677190000000,0.010000000000
1330777264,4.677200000000,0.010000000000
1330777264,4.682040000000,3.000000000000
1330777264,4.682060000000,1.949692030000
1330777267,4.640000000000,0.010000000000
1330777269,4.640010000000,0.010000000000
1330777269,4.640020000000,0.010000000000
1330777290,4.640030000000,0.010000000000
1330777603,4.646890000000,0.121153890000
1330777605,4.643790000000,0.010000000000
1330778182,4.643790000000,0.103432810000
1330778182,4.640020000000,0.286567190000
1330778251,4.640000000000,0.010000000000
1330778254,4.640010000000,0.010000000000
1330778254,4.640020000000,0.010000000000
1330778293,4.640020000000,7.020000000000
1330778426,4.640030000000,0.010000000000
1330778467,4.640520000000,2.050808270000
1330778485,4.640500000000,0.010000000000
1330778488,4.640510000000,0.010000000000
1330778488,4.640520000000,0.010000000000
1330778592,4.640530000000,0.010000000000
1330778655,4.640560000000,23.880000000000
1330778658,4.640540000000,0.010000000000
1330778661,4.640550000000,0.010000000000
1330778661,4.640560000000,22.910000000000
1330778665,4.640560000000,20.770000000000
1330778668,4.640540000000,0.010000000000
1330778670,4.640540000000,1.150000000000
1330778673,4.640540000000,0.010000000000
1330778674,4.640550000000,0.010000000000
1330778674,4.640560000000,18.890000000000
1330778676,4.640540000000,0.010000000000
1330778680,4.640550000000,0.010000000000
1330778680,4.640550000000,0.010000000000
1330778680,4.640560000000,13.550000000000
1330778680,4.640560000000,0.010000000000
1330778680,4.640560000000,0.010000000000
1330778680,4.640560000000,0.010000000000
1330778680,4.640560000000,0.010000000000
1330778756,4.640540000000,0.010000000000
1330778771,4.640550000000,0.010000000000
1330778771,4.640560000000,0.010000000000
1330778798,4.640500000000,0.010000000000
1330778799,4.640510000000,0.010000000000
1330778799,4.640520000000,0.010000000000
1330778799,4.640530000000,0.010000000000
1330778810,4.640520000000,0.010000000000
1330778811,4.640520000000,0.010000000000
1330778811,4.640520000000,0.010000000000
1330778811,4.640520000000,0.010000000000
1330778811,4.640520000000,0.010000000000
1330778811,4.640520000000,0.010000000000
1330778824,4.640500000000,0.010000000000
1330778843,4.640510000000,0.010000000000
1330778843,4.640520000000,0.010000000000
1330778912,4.640530000000,0.010000000000
1330778912,4.640530000000,0.010000000000
1330778912,4.640530000000,0.010000000000
1330778942,4.640540000000,0.100000000000
1330778946,4.640570000000,0.010000000000
1330778946,4.640570000000,0.010000000000
1330778946,4.640570000000,0.010000000000
1330778946,4.640570000000,0.010000000000
1330778946,4.640570000000,0.010000000000
1330778971,4.640520000000,0.010000000000
1330779007,4.640530000000,0.010000000000
1330779007,4.640540000000,0.010000000000
1330779021,4.640520000000,0.010000000000
1330779034,4.640530000000,0.010000000000
1330779034,4.640540000000,0.010000000000
1330779035,4.640550000000,0.010000000000
1330779035,4.640550000000,0.010000000000
1330779056,4.640520000000,0.010000000000
1330779181,4.640520000000,19.784200000000
1330779197,4.640530000000,0.010000000000
1330779197,4.640540000000,0.010000000000
1330779197,4.640550000000,0.010000000000
1330779318,4.643810000000,0.010000000000
1330779318,4.643800000000,0.010000000000
1330779318,4.643820000000,0.010000000000
1330779318,4.646880000000,1.228803310000
1330779318,4.677100000000,0.123452610000
1330779318,4.677160000000,4.746449960000
1330779318,4.677690000000,0.121403010000
1330779318,4.682030000000,0.313822470000
1330779318,4.682060000000,2.153528130000
1330779325,4.641100000000,0.010000000000
1330779336,4.641110000000,0.010000000000
1330779336,4.641120000000,0.010000000000
1330779336,4.641130000000,0.010000000000
1330779714,4.674930000000,0.120718330000
1330779714,4.678170000000,0.123052920000
1330779714,4.682040000000,26.215651900000
1330779716,4.645330000000,0.010000000000
1330779843,4.645330000000,0.083424740000
1330779843,4.643930000000,0.120777030000
1330779843,4.641100000000,19.960000000000
1330779843,4.640520000000,14.652486230000
1330780024,4.640540000000,16.990000000000
1330780024,4.640520000000,5.010000000000
1330780257,4.640630000000,0.160000000000
1330780261,4.640630000000,2.840000000000
1330780261,4.640600000000,9.769200000000
1330780348,4.640600000000,0.230800000000
1330780348,4.640600000000,0.191650000000
1330780466,4.640600000000,0.329373630000
1330780773,4.645300000000,0.514391400000
1330780773,4.645340000000,0.010000000000
1330780773,4.645350000000,0.010000000000
1330780773,4.645360000000,0.010000000000
1330780864,4.666640000000,0.340278770000
1330780864,4.681970000000,6.097489470000
1330780868,4.650000000000,0.010000000000
1330780888,4.650010000000,0.010000000000
1330780931,4.650010000000,14.100000000000