1351483414,10.713030000000,46.000000000000
1351483426,10.713030000000,0.386522390000
1351483456,10.714040000000,0.023700000000
1351483494,10.722990000000,2.000000000000
1351483540,10.714050000000,0.051790100000
1351483542,10.722990000000,12.891242110000
1351483542,10.723000000000,0.224100000000
1351483544,10.723000000000,0.680586610000
1351483603,10.723000000000,0.066587270000
1351483605,10.723000000000,0.969835920000
1351483613,10.723000000000,0.196922960000
1351483662,10.723000000000,0.052998030000
1351483665,10.723000000000,0.915422690000
1351483723,10.723000000000,0.050534980000
1351483725,10.723000000000,1.000000000000
1351483726,10.723000000000,0.885243920000
1351483736,10.723000000000,0.211354240000
1351483784,10.723000000000,0.036617400000
1351483787,10.723000000000,0.643813760000
1351483795,10.723000000000,0.153547950000
1351483837,10.723000000000,2.000000000000
1351483847,10.723000000000,0.031124790000
1351483850,10.723000000000,0.549135260000
1351483857,10.723000000000,0.132472740000
1351483886,10.723000000000,0.055557740000
1351483906,10.723000000000,0.024615030000
1351483909,10.723000000000,0.435612110000
1351483918,10.723000000000,0.106399110000
1351483943,10.723400000000,0.281554820000
1351483943,10.723410000000,0.038500000000
1351483943,10.726420000000,7.959613990000
1351483967,10.723000000000,0.018145550000
1351483972,10.723000000000,0.286050670000
1351483979,10.723000000000,0.058206570000
1351483990,10.723000000000,5.000000000000
1351484028,10.723000000000,0.012729560000
1351484031,10.723000000000,0.228634250000
1351484040,10.723000000000,0.053729150000
1351484089,10.723000000000,0.010162250000
1351484093,10.723000000000,0.182781780000
1351484101,10.723000000000,0.041395100000
1351484117,10.725540000000,4.836881080000
1351484120,10.725550000000,14.601344020000
1351484150,10.725550000000,0.012628820000
1351484154,10.725550000000,0.253480390000
1351484162,10.725550000000,0.054196910000
1351484211,10.725550000000,0.011426070000
1351484215,10.725550000000,0.227662940000
1351484225,10.725550000000,0.049314310000
1351484226,10.725550000000,1.469109540000
1351484227,10.725890000000,0.027969710000
1351484272,10.725550000000,0.010358220000
1351484275,10.725550000000,0.204896650000
1351484284,10.725550000000,0.039250160000
1351484333,10.725550000000,0.010781740000
1351484337,10.725550000000,0.209035970000
1351484346,10.725550000000,0.049091650000
1351484354,10.725550000000,77.960541530000
1351484354,10.723000000000,71.794440500000
1351484354,10.714050000000,49.924509900000
1351484354,10.714040000000,3.000000000000
1351484354,10.699900000000,1.000000000000
1351484398,10.659850000000,0.149311410000
1351484402,10.660000000000,34.120000000000
1351484407,10.659850000000,0.033911990000
1351484432,10.659850000000,68.069400000000
1351484459,10.659850000000,0.104921530000
1351484467,10.659850000000,0.027009550000
1351484502,10.681910000000,1.000000000000
1351484519,10.681910000000,0.133536490000
1351484528,10.681910000000,0.036462900000
1351484560,10.681910000000,39.130220150000
1351484560,10.658840000000,1660.869779850000
1351484581,10.658850000000,0.091210190000
1351484589,10.658850000000,0.033584250000
1351484609,10.658850000000,18.580000000000
1351484641,10.658850000000,0.098944390000
1351484650,10.658850000000,0.030978570000
1351484703,10.658840000000,0.090487610000
1351484711,10.658850000000,0.024321710000
1351484764,10.658850000000,0.082946970000
1351484772,10.658850000000,0.026282070000
1351484818,10.658850000000,41.524612840000
1351484843,10.720000000000,1.000000000000
1351484843,10.725800000000,11.949024740000
1351484843,10.725900000000,0.880000000000
1351484843,10.729600000000,0.665443520000
1351484843,10.729990000000,0.500000010000
1351484843,10.730000000000,50.000000000000
1351484843,10.736300000000,0.108240000000
1351484843,10.737100000000,0.664982050000
1351484843,10.739990000000,0.500000010000
1351484844,10.740000000000,0.010104100000
1351484844,10.740000000000,0.011158100000
1351484844,10.740000000000,50.000000000000
1351484844,10.742360000000,45.982000000000
1351484844,10.743360000000,0.659460000000
1351484844,10.744400000000,0.664527520000
1351484844,10.749130000000,0.494685130000
1351484844,10.749990000000,0.500000010000
1351484845,10.750000000000,124.163000000000
1351484845,10.750560000000,0.114220000000
1351484845,10.750800000000,6.923317120000
1351484845,10.751000000000,10.000000000000
1351484845,10.752000000000,0.664061020000
1351484845,10.754280000000,25.779061540000
1351484845,10.754630000000,0.039960000000
1351484845,10.755670000000,0.042860000000
1351484845,10.757360000000,2.612340000000
1351484845,10.759400000000,0.663601460000
1351484845,10.759990000000,0.500000010000
1351484846,10.760000000000,0.010100900000
1351484846,10.760000000000,0.020005940000
1351484846,10.766900000000,0.663142540000
1351484846,10.767210000000,0.013190000000
1351484846,10.769990000000,0.500000010000
1351484846,10.774300000000,0.662684250000
1351484846,10.779990000000,0.500000010000
1351484846,10.780000000000,0.010097700000
1351484846,10.780000000000,0.011134230000
1351484846,10.780600000000,0.058160000000
1351484846,10.780850000000,0.018310000000
1351484846,10.781800000000,0.662226600000
1351484847,10.782490000000,0.120060000000
1351484847,10.784690000000,0.032590000000
1351484847,10.788040000000,0.047210000000
1351484847,10.789990000000,0.500000010000
1351484847,10.790000000000,50.000000000000
1351484847,10.790000000000,300.000000000000
1351484847,10.790500000000,0.044530000000
1351484847,10.790500000000,0.015090000000
1351484847,10.791390000000,0.042720000000
1351484847,10.793600000000,0.661500660000
1351484847,10.799490000000,60.559532570000
1351484847,10.799500000000,82.989073560000
1351484860,10.658850000000,3.560000000000
1351484869,10.742350000000,0.010000000000
1351484884,10.658850000000,33.000000000000
1351484887,10.658850000000,0.139200000000
1351484923,10.719990000000,0.010000000000
1351484982,10.719990000000,0.010000000000
1351484989,10.719990000000,0.010000000000
1351484998,10.719990000000,0.734362000000
1351485042,10.719990000000,3.216807100000
1351485043,10.759230000000,3.433192900000
1351485062,10.759220000000,0.010000000000
1351485187,10.662900000000,0.010944180000
1351485191,10.662900000000,0.110661250000
1351485199,10.662900000000,0.039252440000
1351485199,10.759220000000,0.010000000000
1351485204,10.759220000000,23.235900000000
1351485248,10.720010000000,0.010826140000
1351485253,10.720010000000,0.112597820000
1351485260,10.720010000000,0.039252440000
1351485313,10.720010000000,0.102276350000
1351485321,10.720010000000,0.035035240000
1351485338,10.760230000000,0.192118300000
1351485370,10.760230000000,0.011156930000
1351485373,10.760230000000,0.109792120000
1351485382,10.760230000000,0.031301970000
1351485434,10.760230000000,0.082836740000
1351485443,10.760230000000,0.028223090000
1351485496,10.760230000000,0.075243380000
1351485504,10.760230000000,0.025240160000
1351485548,10.786320000000,0.010000000000
1351485557,10.760230000000,0.068346070000
1351485566,10.760230000000,0.028242520000
1351485614,10.760230000000,0.010301700000
1351485619,10.760230000000,0.078359200000
1351485626,10.760230000000,0.026696460000
1351485678,10.760230000000,0.070457430000
1351485679,10.760230000000,1.761683930000
1351485687,10.720010000000,0.023804340000
1351485740,10.720010000000,0.053738720000
1351485748,10.720010000000,0.018203320000
1351485778,10.720010000000,2.000000000000
1351485801,10.720010000000,0.048686360000
1351485809,10.720010000000,0.014790200000
1351485862,10.720010000000,0.039712390000
1351485870,10.720010000000,0.013078930000
1351485916,10.760100000000,0.010000000000
1351485923,10.725010000000,0.035707780000
1351485931,10.725010000000,0.013250700000
1351485950,10.760100000000,0.010000000000
1351485984,10.725010000000,0.040563610000
1351485992,10.725010000000,0.010600560000
1351486040,10.760000000000,0.100000000000
1351486045,10.760000000000,0.033035120000
1351486054,10.760000000000,0.010684030000
1351486067,10.760100000000,27.676584100000
1351486067,10.760200000000,0.538093810000
1351486067,10.760220000000,72.238316070000
1351486067,10.786410000000,0.215110080000
1351486068,10.798500000000,45.993600000000
1351486068,10.799500000000,17.010926440000
1351486068,10.799970000000,0.400000000000
1351486068,10.799990000000,0.500000010000
1351486068,10.800000000000,5.900000000000
1351486068,10.800000000000,0.010095100000
1351486068,10.800000000000,0.020009750000
1351486069,10.800000000000,1.000000000000
1351486069,10.800040000000,0.218300000000
1351486069,10.800580000000,0.014756440000
1351486069,10.801100000000,0.661038400000
1351486069,10.802430000000,0.573600000000
1351486069,10.802430000000,1.007610000000
1351486069,10.805680000000,0.093750000000
1351486069,10.808700000000,0.660576780000
1351486069,10.809990000000,0.500000010000
1351486069,10.810000000000,0.100000000000
1351486069,10.816200000000,0.660115800000
1351486069,10.819990000000,0.500000010000
1351486069,10.820000000000,0.010092900000
1351486069,10.820000000000,0.011100650000
1351486070,10.820500000000,0.051540000000
1351486070,10.821130000000,0.010930000000
1351486070,10.821730000000,0.039980000000
1351486070,10.822260000000,0.031640000000
1351486070,10.823700000000,0.659661690000
1351486070,10.829990000000,0.500000010000
1351486070,10.834500000000,100.000000000000
1351486070,10.834510000000,0.374230000000
1351486070,10.835040000000,0.162040000000
1351486070,10.837070000000,0.113310000000
1351486070,10.837080000000,0.070230000000
1351486070,10.837240000000,0.048848490000
1351486070,10.837870000000,0.064930000000
1351486070,10.839990000000,0.500000010000
1351486071,10.840000000000,0.010091500000
1351486071,10.840000000000,0.020013160000
1351486071,10.848650000000,0.107120000000
1351486071,10.849990000000,0.500000010000
1351486071,10.850000000000,0.100000000000
1351486071,10.850000000000,1.000000000000
1351486071,10.853060000000,0.055860000000
1351486071,10.859990000000,8.440000000000
1351486071,10.859990000000,0.500000010000
1351486071,10.860000000000,0.010090000000
1351486071,10.860000000000,0.011165410000
1351486071,10.860000000000,100.000000000000
1351486071,10.860460000000,0.331200000000
1351486071,10.863260000000,0.050590000000
1351486072,10.865020000000,89.990600000000
1351486072,10.866020000000,3.452740000000
1351486072,10.869990000000,0.500000010000
1351486072,10.870000000000,2.000000000000
1351486072,10.875000000000,55.949697700000
1351486072,10.875970000000,0.017460000000
1351486072,10.879990000000,0.500000010000
1351486072,10.880000000000,100.000000000000
1351486072,10.880000000000,0.010087600000
1351486072,10.880000000000,0.020021930000
1351486072,10.880000000000,0.100000000000
1351486072,10.885000000000,100.000000000000
1351486072,10.885720000000,0.054700000000
1351486072,10.887520000000,0.037180000000
1351486073,10.887930000000,7.691890000000
1351486073,10.889500000000,41.738555640000
1351486073,10.889500000000,0.074240000000
1351486073,10.889500000000,0.199080000000
1351486073,10.889750000000,0.024040000000
1351486073,10.889990000000,0.500000010000
1351486073,10.890000000000,100.000000000000
1351486073,10.890000000000,0.100000000000
1351486073,10.890000000000,35.620000000000
1351486073,10.890000000000,200.000000000000
1351486073,10.890590000000,0.146140000000
1351486073,10.893630000000,0.129800000000
1351486073,10.894000000000,2.500000000000
1351486073,10.894800000000,2.000000000000
1351486073,10.895000000000,100.000000000000
1351486074,10.895000000000,1.000000000000
1351486074,10.899490000000,0.056810000000
1351486074,10.899490000000,0.019250000000
1351486074,10.899990000000,0.500000010000
1351486074,10.900000000000,100.000000000000
1351486074,10.900000000000,0.010085800000
1351486074,10.900000000000,0.011123390000
1351486074,10.900000000000,1.000000000000
1351486074,10.900000000000,15.200000000000
1351486074,10.900000000000,0.100000000000
1351486074,10.900000000000,0.200000000000
1351486074,10.900390000000,0.054060000000
1351486074,10.906000000000,100.000000000000
1351486075,10.909130000000,0.217780000000
1351486075,10.909990000000,0.500000010000
1351486075,10.910000000000,100.000000000000
1351486075,10.911550000000,0.733870000000
1351486075,10.911550000000,1.246520000000
1351486075,10.915000000000,100.000000000000
1351486075,10.916670000000,3.057340000000
1351486075,10.918000000000,1.000000000000
1351486075,10.918480000000,0.059280000000
1351486075,10.919000000000,200.000000000000
1351486075,10.919990000000,0.500000010000
1351486075,10.920000000000,100.000000000000
1351486075,10.920000000000,0.010083300000
1351486075,10.920000000000,0.020027760000
1351486076,10.920000000000,5.000000000000
1351486076,10.925000000000,100.000000000000
1351486076,10.929990000000,0.500000010000
1351486076,10.930000000000,50.000000000000
1351486076,10.930000000000,50.000000000000
1351486076,10.930430000000,0.013450000000
1351486076,10.931040000000,0.051730000000
1351486076,10.931580000000,0.031890000000
1351486076,10.933000000000,2.500000000000
1351486076,10.935000000000,5.000000000000
1351486076,10.935220000000,0.838210000000
1351486076,10.936000000000,10.000000000000
1351486076,10.936600000000,10.000000000000
1351486076,10.937000000000,1.000000000000
1351486077,10.938900000000,49.995100000000
1351486077,10.939790000000,395.940010170000
1351486090,10.760000000000,0.856280850000
1351486090,10.725000000000,0.107594400000
1351486090,10.721000000000,12.639124750000
1351486109,10.722020000000,0.030533980000
1351486167,10.722040000000,0.030332650000
1351486175,10.722040000000,0.010588640000
1351486229,10.722080000000,0.010191600000
1351486233,10.722080000000,0.029924330000
1351486234,10.722080000000,0.274589700000
1351486247,10.722080000000,0.010107340000
1351486291,10.722080000000,0.030310950000
1351486352,10.722090000000,0.025181400000
1351486358,10.799970000000,0.010000000000
1351486411,10.722090000000,0.022774090000
1351486472,10.722090000000,0.017588490000
1351486533,10.722090000000,0.014722220000
1351486584,10.799870000000,16.128689900000
1351486584,10.799880000000,0.345810100000
1351486596,10.722090000000,0.012695110000
1351486605,10.724100000000,2.000000000000
1351486606,10.724110000000,1.120000000000
1351486634,10.727140000000,60.724032800000
1351486635,10.727130000000,45.933400000000
1351486635,10.722070000000,26.954192600000
1351486635,10.720010000000,9.328300000000
1351486635,10.720000000000,9.328400000000
1351486636,10.711390000000,0.505000010000
1351486636,10.702600000000,90.013500000000
1351486636,10.701600000000,0.010164170000
1351486636,10.701600000000,0.020228040000
1351486637,10.701590000000,0.505000010000
1351486637,10.691790000000,0.505000010000
1351486637,10.682000000000,0.010166900000
1351486637,10.682000000000,0.011236100000
1351486637,10.681990000000,0.505000010000
1351486637,10.676260000000,25.855845940000
1351486637,10.672190000000,0.505000010000
1351486637,10.662400000000,0.010168920000
1351486637,10.662400000000,0.020222150000
1351486637,10.662390000000,0.505000010000
1351486638,10.658840000000,89.509832080000
1351486638,10.656860000000,2.000000000000
1351486638,10.652590000000,0.505000010000
1351486638,10.650030000000,0.400000000000
1351486638,10.648530000000,1.158970000000
1351486638,10.642800000000,0.010170720000
1351486638,10.642800000000,0.011277290000
1351486639,10.642790000000,0.505000010000
1351486639,10.642200000000,0.999800000000
1351486639,10.640000000000,1.000000000000
1351486639,10.632990000000,0.505000010000
1351486639,10.631520000000,0.375915560000
1351486639,10.626910000000,0.045890000000
1351486639,10.623200000000,0.010173450000
1351486639,10.623200000000,0.020213290000
1351486639,10.623190000000,0.505000010000
1351486639,10.613390000000,0.505000010000
1351486640,10.603600000000,0.010175060000
1351486640,10.603600000000,0.011216120000
1351486640,10.603590000000,0.505000010000
1351486640,10.602900000000,0.154530000000
1351486640,10.595030000000,0.051590000000
1351486640,10.593790000000,0.505000010000
1351486640,10.591370000000,0.083080000000
1351486640,10.591370000000,0.031230000000
1351486640,10.584000000000,0.010177480000
1351486640,10.584000000000,0.020209850000
1351486641,10.583990000000,0.505000010000
1351486641,10.574600000000,0.661963570000
1351486641,10.574190000000,0.505000010000
1351486641,10.564400000000,0.010180300000
1351486641,10.564400000000,0.011251320000
1351486641,10.564390000000,0.505000010000
1351486642,10.564130000000,0.169710000000
1351486642,10.563480000000,0.023840000000
1351486642,10.563240000000,0.057310000000
1351486642,10.563100000000,0.662684250000
1351486642,10.559210000000,0.092570000000
1351486642,10.558920000000,0.124110000000
1351486642,10.555800000000,0.663142540000
1351486642,10.554590000000,0.505000010000
1351486642,10.553770000000,0.021700000000
1351486642,10.550920000000,0.030540000000
1351486642,10.548500000000,0.663601460000
1351486643,10.544800000000,0.010183730000
1351486643,10.544800000000,0.020206000000
1351486643,10.544790000000,0.505000010000
1351486643,10.542040000000,1.521340000000
1351486643,10.541200000000,0.664061020000
1351486643,10.538490000000,0.011270000000
1351486643,10.534990000000,0.505000010000
1351486643,10.534280000000,0.013340000000
1351486643,10.533900000000,0.664521210000
1351486643,10.531550000000,0.063050000000
1351486644,10.529800000000,0.084300000000
1351486644,10.526600000000,0.664982050000
1351486644,10.525200000000,0.010187160000
1351486644,10.525200000000,0.011276710000
1351486644,10.525190000000,0.505000010000
1351486644,10.519300000000,0.665443520000
1351486644,10.515390000000,0.505000010000
1351486644,10.512000000000,0.665905630000
1351486644,10.511000000000,0.108800000000
1351486644,10.510850000000,5.383550000000
1351486644,10.510100000000,0.110000000000
1351486644,10.510000000000,3.000000000000
1351486644,10.510000000000,25.000000000000
1351486645,10.509560000000,0.013770000000
1351486645,10.505600000000,0.010185130000
1351486645,10.505600000000,0.020202670000
1351486645,10.505590000000,0.505000000000
1351486645,10.505020000000,0.329480000000
1351486645,10.504700000000,0.666368390000
1351486645,10.504000000000,0.250000000000
1351486645,10.502250000000,9.118755530000
1351486645,10.502220000000,150.000000000000
1351486646,10.500110000000,3.920000000000
1351486646,10.500020000000,2.133700000000
1351486646,10.500000000000,1.180000000000
1351486646,10.500000000000,19.659190470000
1351486646,10.499960000000,0.085750000000
1351486646,10.499400000000,0.010000000000
1351486646,10.498340000000,56.313223800000
1351486646,10.497400000000,0.666831790000
1351486646,10.496040000000,0.171080000000
1351486646,10.495790000000,0.505000000000
1351486646,10.492890000000,0.122400000000
1351486646,10.490590000000,1.334500000000
1351486647,10.490100000000,0.667295830000
1351486647,10.488200000000,12.816220000000
1351486647,10.488000000000,1.663942600000
1351486647,10.486000000000,0.010189370000
1351486647,10.486000000000,0.011268860000
1351486647,10.485990000000,0.505000000000
1351486647,10.485460000000,0.057610000000
1351486647,10.483000000000,0.200000000000
1351486647,10.482800000000,0.667760520000
1351486647,10.481680000000,0.151800000000
1351486647,10.480700000000,3.510000000000
1351486647,10.480700000000,0.610000000000
1351486647,10.477220000000,0.049360000000
1351486647,10.477220000000,0.016470000000
1351486648,10.477220000000,0.056090000000
1351486648,10.476190000000,0.505000000000
1351486648,10.475500000000,0.668225860000
1351486648,10.474730000000,0.027933200000
1351486648,10.474630000000,0.125110000000
1351486648,10.468700000000,0.285510000000
1351486648,10.468460000000,0.090920000000
1351486648,10.468200000000,0.668691850000
1351486648,10.466420000000,0.030640000000
1351486648,10.466400000000,0.010193200000
1351486648,10.466400000000,0.020210140000
1351486648,10.466390000000,0.505000000000
1351486649,10.460900000000,0.669158490000
1351486649,10.460150000000,2.408559850000
1351486649,10.460130000000,60.012700000000
1351486649,10.459000000000,0.020276990000
1351486649,10.458800000000,3.431400000000
1351486649,10.458560000000,5.872920000000
1351486649,10.457850000000,0.433960000000
1351486649,10.457850000000,0.011960000000
1351486649,10.457850000000,0.036550000000
1351486649,10.457610000000,20.000000000000
1351486649,10.457390000000,0.010292110000
1351486649,10.456590000000,0.505000000000
1351486649,10.454930000000,0.011524050000
1351486649,10.453600000000,0.669625770000
1351486649,10.452000000000,4.150000000000
1351486650,10.450000000000,0.303000000000
1351486650,10.448230000000,0.011650000000
1351486650,10.448230000000,0.034910000000
1351486650,10.447900000000,2.000000000000
1351486650,10.447000000000,1.000000000000
1351486650,10.446800000000,0.010197440000
1351486650,10.446800000000,0.011287500000
1351486650,10.446790000000,0.505000000000
1351486650,10.446300000000,0.670093720000
1351486650,10.444400000000,2.250000000000
1351486651,10.443590000000,0.011435590000
1351486651,10.440730000000,0.061094480000
1351486651,10.440000000000,9.578544060000
1351486651,10.440000000000,0.140000000000
1351486651,10.439000000000,0.670562310000
1351486651,10.437630000000,0.010291570000
1351486651,10.437050000000,0.096110000000
1351486651,10.437000000000,1.000000000000
1351486651,10.436990000000,0.505000000000
1351486651,10.436620000000,2.204510000000
1351486651,10.435000000000,0.200000000000
1351486651,10.433110000000,0.018620000000
1351486651,10.431700000000,0.671031570000
1351486652,10.430340000000,1.019186970000
1351486652,10.430000000000,0.303000000000
1351486652,10.428940000000,0.018290000000
1351486652,10.428940000000,0.722370000000
1351486652,10.428190000000,0.020282470000
1351486652,10.427200000000,0.010203390000
1351486653,10.427200000000,0.020210260000
1351486653,10.427190000000,0.505000000000
1351486653,10.425150000000,2.004275030000
1351486653,10.425000000000,10.386070980000
1351486653,10.425000000000,1.000000000000
1351486653,10.424400000000,0.671501480000
1351486654,10.424200000000,10.000000000000
1351486654,10.422830000000,3.040000000000
1351486654,10.422000000000,2.500000000000
1351486655,10.421590000000,0.021209950000
1351486655,10.420000000000,24.088300000000
1351486656,10.420000000000,80.000000000000
1351486656,10.419210000000,0.026034240000
1351486657,10.417860000000,0.010290760000
1351486657,10.417390000000,0.505000000000
1351486657,10.417200000000,0.671965600000
1351486657,10.414490000000,0.107840000000
1351486657,10.412790000000,0.011477370000
1351486657,10.410370000000,0.027225000000
1351486657,10.410000000000,0.150000000000
1351486657,10.410000000000,0.672430360000
1351486657,10.410000000000,0.303000000000
1351486658,10.410000000000,0.500000000000
1351486658,10.407600000000,0.010209230000
1351486658,10.407600000000,0.011315310000
1351486658,10.407590000000,0.505000000000
1351486658,10.407000000000,1.000000000000
1351486658,10.406590000000,4.000000000000
1351486658,10.406530000000,6.364680000000
1351486658,10.406000000000,0.480000000000
1351486658,10.405740000000,0.101310000000
1351486659,10.404460000000,0.017720000000
1351486659,10.402800000000,0.672895760000
1351486659,10.400120000000,1.434149190000
1351486659,10.400100000000,5.630000000000
1351486659,10.400000000000,0.010025000000
1351486659,10.400000000000,164.000000000000
1351486659,10.400000000000,0.032600000000
1351486660,10.400000000000,48.076900000000
1351486660,10.400000000000,0.170000000000
1351486660,10.400000000000,0.940000000000
1351486660,10.400000000000,2.000000000000
1351486660,10.400000000000,50.000000000000
1351486660,10.400000000000,115.384600000000
1351486661,10.399970000000,0.358610000000
1351486661,10.398090000000,0.010301810000
1351486661,10.398000000000,1.000000000000
1351486661,10.397790000000,0.359395690000
1351486661,10.397380000000,0.020286900000
1351486661,10.395600000000,0.673361810000
1351486661,10.393500000000,0.021985460000
1351486661,10.391080000000,0.199960000000
1351486661,10.391010000000,0.024257380000
1351486662,10.390200000000,12.817360000000
1351486662,10.390000000000,5.000000000000
1351486662,10.390000000000,0.950000000000
1351486662,10.390000000000,0.303000000000
1351486662,10.388400000000,0.673828500000
1351486662,10.388000000000,0.010215680000
1351486662,10.388000000000,0.020213160000
1351486662,10.387990000000,0.359309370000
1351486663,10.387960000000,0.147390000000
1351486663,10.386560000000,0.073690000000
1351486663,10.386000000000,0.200000000000
1351486663,10.385000000000,0.110000000000
1351486663,10.384100000000,0.100000000000
1351486663,10.381980000000,0.011516180000
1351486663,10.381200000000,0.674295840000
1351486663,10.380010000000,0.109170000000
1351486663,10.378320000000,0.010301010000
1351486664,10.378190000000,0.359127170000
1351486664,10.376210000000,0.106630000000
1351486664,10.375010000000,0.109220000000
1351486664,10.374520000000,0.096340000000
1351486664,10.374400000000,0.160000000000
1351486664,10.374400000000,0.690000000000
1351486664,10.374000000000,0.674763830000
1351486664,10.372440000000,0.059010000000
1351486664,10.372440000000,0.019830000000
1351486665,10.372440000000,0.067290000000
1351486665,10.372060000000,2.070000000000
1351486665,10.371270000000,1.654707690000
1351486665,10.371220000000,6.000300000000
1351486665,10.371010000000,25.000000000000
1351486666,10.370010000000,0.109280000000
1351486666,10.370010000000,0.010877020000
1351486666,10.370000000000,10.000000000000
1351486667,10.370000000000,264.000000000000
1351486667,10.370000000000,35.438108960000
1351486667,10.370000000000,0.303000000000
1351486667,10.368900000000,50.000000000000
1351486668,10.368400000000,0.010220820000
1351486668,10.368400000000,0.011364640000
1351486668,10.368390000000,0.358790650000
1351486668,10.368260000000,0.170070000000
1351486668,10.366800000000,0.675232470000
1351486668,10.366570000000,0.020293270000
1351486668,10.366000000000,1.000000000000
1351486668,10.365010000000,0.109330000000
1351486669,10.364600000000,0.103260000000
1351486669,10.363500000000,200.000000000000
1351486669,10.361760000000,0.036520000000
1351486670,10.360010000000,0.109380000000
1351486670,10.360000000000,0.026884160000
1351486670,10.359600000000,0.675701760000
1351486670,10.358590000000,0.358501960000
1351486670,10.358550000000,0.010297200000
1351486670,10.358000000000,1.670000000000
1351486671,10.358000000000,0.880000000000
1351486671,10.356900000000,2.230000000000
1351486671,10.355010000000,0.109430000000
1351486671,10.354770000000,5.464610000000
1351486671,10.353270000000,0.039440000000
1351486671,10.353270000000,0.469610000000
1351486671,10.353270000000,0.014100000000
1351486671,10.352630000000,0.167280000000
1351486671,10.352400000000,0.676171710000
1351486671,10.352100000000,4.020000000000
1351486671,10.351170000000,0.011514320000
1351486671,10.351100000000,0.290000000000
1351486671,10.350010000000,0.109490000000
1351486671,10.350000000000,0.303000000000
1351486672,10.348800000000,0.010228080000
1351486672,10.348800000000,0.020213280000
1351486672,10.348790000000,0.358310230000
1351486672,10.347520000000,20.000000000000
1351486672,10.346800000000,188.999760310000
1351486672,10.346730000000,0.049878760000
1351486672,10.345200000000,0.676642310000
1351486672,10.345010000000,0.109540000000
1351486673,10.344600000000,0.187520000000
1351486673,10.344000000000,1.740000000000
1351486673,10.344000000000,1.870000000000
1351486673,10.343750000000,0.014080000000
1351486673,10.343750000000,0.043120000000
1351486673,10.343700000000,0.100000000000
1351486673,10.343400000000,0.102000000000
1351486673,10.340010000000,0.109590000000
1351486673,10.340000000000,0.500000000000
1351486673,10.340000000000,0.930000000000
1351486673,10.340000000000,2.000000000000
1351486673,10.340000000000,1.000000000000
1351486673,10.338990000000,0.285370750000
1351486673,10.338790000000,0.010294230000
1351486674,10.338000000000,0.200000000000
1351486674,10.338000000000,0.677113560000
1351486674,10.335770000000,0.020302000000
1351486674,10.335010000000,0.109650000000
1351486674,10.332250000000,2.549260000000
1351486675,10.330800000000,0.677585470000
1351486675,10.330120000000,20.000000000000
1351486675,10.330010000000,0.109700000000
1351486675,10.330000000000,4.000000000000
1351486675,10.330000000000,0.303000000000
1351486675,10.329200000000,0.011391580000
1351486675,10.329200000000,0.010234540000
1351486676,10.329190000000,0.357830700000
1351486676,10.328780000000,0.022340000000
1351486676,10.327650000000,0.012125240000
1351486676,10.325010000000,0.109750000000
1351486676,10.325000000000,1.000000000000
1351486676,10.324650000000,0.022010000000
1351486676,10.324650000000,0.768120000000
1351486676,10.323600000000,0.678058040000
1351486676,10.320920000000,2.894050330000
1351486676,10.320900000000,88.776561910000
1351486779,10.800000000000,0.010000000000
1351486785,10.800000000000,0.010000000000
1351486787,10.320900000000,0.011317190000
1351486793,10.320900000000,0.010316450000
1351486794,10.800000000000,0.010000000000
1351486796,10.530000000000,0.010000000000
1351486800,10.530000000000,0.010000000000
1351486829,10.530000000000,0.010000000000
1351486840,10.530000000000,0.648058040000
1351486840,10.537400000000,0.677585470000
1351486949,10.542040000000,0.010154100000
1351486969,10.542040000000,0.146082390000
1351486978,10.539990000000,0.010000000000
1351486990,10.539990000000,0.198205440000
1351486991,10.540000000000,0.011280960000
1351486991,10.544600000000,0.082753600000
1351486993,10.544600000000,0.010000000000
1351486994,10.544600000000,0.010000000000
1351486995,10.544600000000,0.132880000000
1351486995,10.544600000000,0.122940000000
1351486995,10.544600000000,0.027000000000
1351486996,10.544600000000,0.047480000000
1351486997,10.544600000000,0.030830000000
1351486999,10.544600000000,0.213236510000
1351486999,10.549990000000,0.009923490000
1351487000,10.509560000000,0.013770000000
1351487000,10.505020000000,0.288670000000
1351487000,10.500000000000,0.010000000000
1351487000,10.483420000000,0.148030000000
1351487000,10.459300000000,0.185700000000
1351487000,10.457850000000,0.378400000000
1351487000,10.457850000000,0.034170000000
1351487000,10.447470000000,0.064300000000
1351487000,10.436620000000,0.646960000000
1351487009,10.459300000000,0.483610000000
1351487020,10.459300000000,1.223343420000
1351487036,10.459290000000,2.133700000000
1351487038,10.459290000000,1.785068520000
1351487039,10.459300000000,0.381321480000
1351487039,10.459300000000,0.344553750000
1351487039,10.459300000000,0.217171350000
1351487039,10.508020000000,0.156236490000
1351487040,10.541030000000,0.303234470000
1351487040,10.541030000000,0.676171710000
1351487041,10.541030000000,0.354762600000
1351487041,10.541030000000,0.030160880000
1351487042,10.541030000000,0.675701760000
1351487055,10.541030000000,16.544020000000
1351487071,10.541020000000,0.010000000000
1351487101,10.541020000000,0.010000000000
1351487105,10.541020000000,0.010000000000
1351487144,10.500140000000,3.250000000000
1351487159,10.500140000000,0.471860120000
1351487195,10.499710000000,0.097487360000
1351487195,10.490000000000,7.142512640000
1351487202,10.460000000000,0.270671120000
1351487202,10.459300000000,0.170000000000
1351487202,10.453600000000,1.412042290000
1351487203,10.437050000000,0.046420000000
1351487203,10.436640000000,0.582900000000
1351487203,10.436620000000,1.227620000000
1351487203,10.428940000000,0.610630000000
1351487203,10.414530000000,0.031760000000
1351487204,10.411300000000,6.447956590000
1351487206,10.541030000000,0.010000000000
1351487248,10.542030000000,0.010000000000
1351487258,10.542030000000,0.010000000000
1351487262,10.542030000000,0.010000000000
1351487264,10.542020000000,0.010000000000
1351487372,10.541020000000,10.000000000000
1351487412,10.500010000000,0.013267030000
1351487412,10.500000000000,0.079358090000
1351487470,10.498690000000,0.043617510000
1351487503,10.498680000000,0.060000000000
1351487508,10.498630000000,4.411256520000
1351487561,10.545930000000,1.692861350000
1351487561,10.547950000000,6.586807460000
1351487636,10.546940000000,0.010000000000
1351487811,10.531010000000,1.320000000000
1351487827,10.546940000000,0.028444270000
1351487864,10.531010000000,0.081508700000
1351487871,10.546940000000,0.100000000000
1351487980,10.531010000000,0.162841400000
1351487980,10.531000000000,0.200000000000
1351488136,10.528970000000,6.596575400000
1351488136,10.531000000000,11.087158600000
1351488136,10.548990000000,0.550383490000
1351488292,10.548970000000,0.200000000000
1351488320,10.500010000000,1.000000000000
1351488491,10.521010000000,5.972214610000
1351488491,10.521000000000,10.000000000000
1351488635,10.520990000000,0.054650030000
1351488635,10.521000000000,0.377785390000
1351488781,10.527170000000,0.031425710000
1351488818,10.527110000000,0.050000000000
1351488923,10.527090000000,0.050000000000
1351488970,10.527090000000,0.100000000000
1351488997,10.527090000000,0.050000000000
1351489031,10.527090000000,0.073918940000
1351489031,10.527100000000,0.026081060000
1351489152,10.527100000000,0.023918940000
1351489152,10.527160000000,0.076081060000
1351489493,10.527160000000,0.010000000000
1351489537,10.521410000000,0.251399710000
1351489537,10.521400000000,0.030000000000
1351489537,10.521000000000,0.718600290000
1351489581,10.521100000000,0.020000000000
1351489581,10.521000000000,0.348964290000
1351489581,10.447370000000,0.429830370000
1351489582,10.440000000000,0.201205340000
1351489612,10.526140000000,7.092963530000
1351489613,10.527160000000,0.782493230000
1351489613,10.527200000000,0.515673230000
1351489644,10.549980000000,7.092413160000
1351489644,10.549990000000,0.344553750000
1351489644,10.552100000000,0.676642310000
1351489645,10.559400000000,0.676171710000
1351489645,10.559990000000,0.012990540000
1351489670,10.547930000000,2.180000000000
1351489762,10.559960000000,0.059197190000
1351489764,10.559960000000,3.915900000000
1351489766,10.559960000000,0.006548170000
1351489840,10.559980000000,0.078543470000
1351489841,10.559990000000,0.341772060000
1351489841,10.560000000000,0.010147100000
1351489842,10.560000000000,0.020013780000
1351489957,10.566690000000,0.800356990000
1351489995,10.566690000000,0.043518830000
1351490017,10.560980000000,0.015673390000
1351490034,10.549990000000,0.543257720000
1351490035,10.560980000000,0.456481170000
1351490069,10.549990000000,2.528842280000
1351490072,10.520100000000,1.000000000000
1351490098,10.529700000000,0.010000000000
1351490202,10.529700000000,0.338372670000
1351490218,10.520110000000,19.116347430000
1351490218,10.520100000000,2.834348530000
1351490219,10.461720000000,45.910500000000
1351490219,10.460720000000,0.111135990000
1351490219,10.450000000000,0.010000000000
1351490219,10.421000000000,50.000000000000
1351490219,10.411490000000,89.992600000000
1351490219,10.410490000000,0.919017880000
1351490219,10.410340000000,4.803040000000
1351490219,10.410300000000,7.000000000000
1351490219,10.410200000000,7.000000000000
1351490219,10.410100000000,7.000000000000
1351490219,10.410000000000,7.000000000000
1351490220,10.405740000000,0.053530000000
1351490220,10.404460000000,0.017720000000
1351490220,10.400000000000,0.231760170000
1351490233,10.529690000000,0.010000000000
1351490323,10.520100000000,0.506786150000
1351490384,10.520100000000,0.109285220000
1351490402,10.520100000000,7.036101590000
1351490497,10.477880000000,0.112574320000
1351490498,10.468090000000,0.213072200000
1351490498,10.430000000000,0.514353480000
1351490521,10.520100000000,0.010000000000
1351490553,10.462020000000,7.775351840000
1351490553,10.462010000000,0.521366050000
1351490560,10.461990000000,0.263568950000
1351490560,10.450000000000,10.000000000000
1351490561,10.431000000000,39.736431050000
1351490576,10.440000000000,0.010000000000
1351490576,10.434840000000,0.315424490000
1351490577,10.430000000000,39.307753240000
1351490769,10.519090000000,1.000000000000
1351490785,10.455020000000,0.021386820000
1351490785,10.455010000000,0.108390000000
1351490785,10.450010000000,0.108440000000
1351490785,10.450000000000,0.010000000000
1351490785,10.445010000000,0.108490000000
1351490785,10.440010000000,0.108540000000
1351490785,10.435010000000,0.108600000000
1351490786,10.430200000000,1.376153180000
1351490806,10.500000000000,0.010500000000
1351490806,10.460010000000,0.108340000000
1351490807,10.459010000000,0.324260000000
1351490818,10.430310000000,0.931165070000
1351490818,10.430300000000,0.068834930000
1351490829,10.520100000000,0.883367070000
1351490861,10.500010000000,0.440976700000
1351490861,10.500000000000,0.010000000000
1351490865,10.469990000000,0.108230000000
1351490897,10.469990000000,0.010000000000
1351490903,10.469990000000,0.056745070000
1351490903,10.470000000000,0.051484930000
1351490910,10.470000000000,0.010000000000
1351490913,10.470000000000,0.010000000000
1351490924,10.470000000000,0.010000000000
1351490927,10.470000000000,0.010000000000
1351490929,10.470000000000,0.010000000000
1351490930,10.470000000000,0.010000000000
1351490931,10.470000000000,0.010000000000
1351490933,10.470000000000,0.010000000000
1351490939,10.470000000000,0.108230000000
1351490945,10.470000000000,0.010000000000
1351490947,10.470000000000,0.010000000000
1351490948,10.470000000000,0.010000000000
1351490951,10.470000000000,0.010000000000
1351490953,10.470000000000,0.010000000000
1351490954,10.470000000000,0.010000000000
1351490956,10.470000000000,0.010000000000
1351490964,10.470000000000,0.010000000000
1351490966,10.470000000000,0.010000000000
1351490974,10.470000000000,0.108230000000
1351490977,10.470000000000,0.010000000000
1351490979,10.470000000000,0.010000000000
1351490981,10.470000000000,0.010000000000
1351490984,10.470000000000,0.010000000000
1351490988,10.470000000000,0.010000000000
1351490990,10.470000000000,0.010000000000
1351490991,10.470000000000,0.010000000000
1351490992,10.470000000000,0.010000000000
1351490995,10.470000000000,0.010000000000
1351490996,10.470000000000,0.010000000000
1351490997,10.470000000000,0.010000000000
1351491013,10.470000000000,0.001078370000
1351491142,10.510000000000,0.010000000000
1351491176,10.509980000000,8.279668810000
1351491305,10.509990000000,0.107820000000
1351491335,10.509990000000,1.200000000000
1351491340,10.509990000000,0.107820000000
1351491375,10.505010000000,0.107870000000
1351491375,10.500010000000,0.107920000000
1351491376,10.500000000000,0.010000000000
1351491376,10.495010000000,0.107980000000
1351491376,10.490010000000,0.108030000000
1351491377,10.485010000000,0.108080000000
1351491377,10.480010000000,0.108130000000
1351491377,10.475010000000,0.108180000000
1351491377,10.470010000000,0.107151630000
1351491377,10.465010000000,0.108280000000
1351491377,10.430300000000,0.018378370000
1351491377,10.509990000000,0.107820000000
1351491378,10.430300000000,6.912786700000
1351491378,10.430200000000,5.623846820000
1351491378,10.430100000000,7.000000000000
1351491379,10.430010000000,0.108650000000
1351491379,10.430000000000,10.177893280000
1351491379,10.430000000000,7.000000000000
1351491379,10.429000000000,7.000000000000
1351491379,10.425010000000,0.108700000000
1351491379,10.420300000000,7.000000000000
1351491379,10.420200000000,1.268123200000
1351491398,10.509960000000,21.010884910000
1351491428,10.509900000000,0.028544350000
1351491473,10.509890000000,15.657177280000
1351491473,10.509990000000,16.315673200000
1351491604,10.520110000000,0.453742280000
1351491765,10.530000000000,2.050000000000
1351491765,10.539000000000,49.725000000000
1351491765,10.563520000000,0.035820000000
1351491765,10.566700000000,0.675701760000
1351491765,10.569990000000,0.354952440000
1351491766,10.573100000000,45.972400000000
1351491766,10.574100000000,0.675232470000
1351491766,10.579990000000,0.355238260000
1351491766,10.580000000000,0.010141100000
1351491766,10.580000000000,0.011255880000
1351491766,10.581110000000,0.134258090000
1351491903,10.520120000000,0.969657600000
1351491909,10.520120000000,0.223422530000
1351491959,10.520120000000,0.036856800000
1351491962,10.520120000000,0.712551410000
1351491971,10.520120000000,0.163843190000
1351492012,10.520120000000,0.439926190000
1351492012,10.520000000000,5.158973380000
1351492013,10.510000000000,19.079909960000
1351492063,10.510000000000,3.907061990000
1351492094,10.510000000000,45.040177570000
1351492145,10.509990000000,1.342620760000
1351492206,10.509990000000,0.291026670000
1351492217,10.509990000000,3.326175000000
1351492415,10.574000000000,0.000851140000
1351492551,10.574000000000,5.000000000000
1351492691,10.580100000000,21.466700000000
1351492736,10.500010000000,11.880000000000
1351492737,10.500010000000,3.000000000000
1351492944,10.500010000000,5.450000000000
1351492975,10.579950000000,6.919497460000
1351492975,10.579960000000,2.133700000000
1351492975,10.579960000000,1.999441910000
1351492975,10.580000000000,0.494186850000
1351492975,10.581110000000,27.407827720000
1351492984,10.581110000000,13.025082020000
1351492984,10.581400000000,0.674763830000
1351492984,10.587160000000,45.912500000000
1351492985,10.588160000000,14.139117650000
1351493160,10.510000000000,4.970192300000
1351493179,10.510010000000,0.039978960000
1351493183,10.510010000000,0.897487510000
1351493190,10.510010000000,0.201818310000
1351493310,10.586990000000,3.889399990000
1351493310,10.587000000000,0.169236560000
1351493310,10.588160000000,11.605582200000
1351493311,10.588800000000,0.674295840000
1351493311,10.589990000000,0.355571460000
1351493311,10.595100000000,45.983700000000
1351493311,10.595310000000,0.039830000000
1351493311,10.596100000000,0.673828500000
1351493311,10.598150000000,0.010877020000
1351493311,10.599990000000,0.355751850000
1351493312,10.600000000000,0.010136200000
1351493312,10.600000000000,0.020014290000
1351493313,10.600000000000,0.990000000000
1351493314,10.600000000000,45.921500000000
1351493318,10.600000000000,46.003500000000
1351493337,10.600000000000,14.070000000000
1351493357,10.600000000000,0.100000000000
1351493362,10.600000000000,0.033007420000
1351493365,10.600000000000,0.744682530000
1351493374,10.600000000000,0.160486100000
1351493376,10.600000000000,28.188800040000
1351493383,10.512010000000,3.500000000000
1351493383,10.599990000000,18.000829160000
1351493383,10.600000000000,0.901199960000
1351493383,10.603500000000,0.673361810000
1351493383,10.606900000000,0.023830000000
1351493383,10.609990000000,0.355837320000
1351493383,10.610700000000,0.672902230000
1351493383,10.616190000000,0.170000000000
1351493383,10.618200000000,0.672430360000
1351493383,10.619990000000,0.500000010000
1351493384,10.620000000000,0.010130800000
1351493384,10.620000000000,0.011209300000
1351493384,10.624610000000,0.226170000000
1351493384,10.625500000000,0.671965600000
1351493384,10.626140000000,0.109360000000
1351493384,10.627190000000,0.043820000000
1351493384,10.629990000000,0.500000010000
1351493384,10.632800000000,0.671501480000
1351493384,10.635890000000,0.013255510000
1351493385,10.636500000000,0.044380000000
1351493385,10.636500000000,0.115440000000
1351493385,10.639990000000,0.500000010000
1351493385,10.640000000000,0.010125400000
1351493385,10.640000000000,0.020012040000
1351493385,10.640300000000,0.671031570000
1351493385,10.647080000000,0.040360000000
1351493385,10.647700000000,0.670562310000
1351493385,10.649790000000,2.023640000000
1351493385,10.649990000000,0.500000010000
1351493385,10.650000000000,8.871064780000
1351493486,10.628950000000,46.180443330000
1351493487,10.653180000000,45.950900000000
1351493487,10.654180000000,7.868656670000
1351493667,10.539300000000,0.049574370000
1351493678,10.540310000000,0.188692750000
1351493728,10.545360000000,0.046704920000
1351493732,10.546360000000,1.216741720000
1351493740,10.546370000000,0.179171560000
1351493789,10.551420000000,0.051069360000
1351493792,10.551420000000,1.292015680000
1351493802,10.552420000000,0.164441240000
1351493836,10.555460000000,18.000000000000
1351493850,10.555460000000,0.059553660000
1351493853,10.555460000000,1.149893950000
1351493861,10.555460000000,0.126376140000
1351493911,10.555460000000,0.045692030000
1351493914,10.555460000000,0.862420470000
1351493922,10.555460000000,0.094782110000
1351493973,10.555460000000,0.035147720000
1351493976,10.555460000000,0.646815350000
1351493983,10.555460000000,0.071086580000
1351494034,10.555460000000,0.027337110000
1351494036,10.555460000000,0.485111510000
1351494037,10.649990000000,31.985965940000
1351494037,10.650000000000,3.509234060000
1351494044,10.555460000000,0.053314940000
1351494050,10.650000000000,0.845000000000
1351494094,10.555460000000,0.023316950000
1351494097,10.555460000000,0.363833630000
1351494106,10.555460000000,0.039986200000
1351494155,10.555460000000,0.016557620000
1351494158,10.555460000000,0.272875230000
1351494167,10.555460000000,0.029989650000
1351494216,10.587160000000,0.013832090000
1351494219,10.587160000000,0.204656420000
1351494227,10.587160000000,0.022492240000
1351494277,10.587160000000,0.011121110000
1351494280,10.587160000000,0.153492310000
1351494288,10.587160000000,0.016869180000
1351494324,10.587160000000,132.855488810000
1351494324,10.587150000000,5.081489050000
1351494325,10.501000000000,89.932200000000
1351494325,10.501000000000,45.990300000000
1351494325,10.500000000000,9.900000000000
1351494325,10.500000000000,1.770000000000
1351494325,10.490000000000,15.000000000000
1351494325,10.465510000000,9.821497420000
1351494325,10.460110000000,0.166180000000
1351494325,10.454010000000,3.913504000000
1351494325,10.453490000000,40.762823700000
1351494325,10.445010000000,0.108490000000
1351494326,10.442840000000,0.512894720000
1351494326,10.440010000000,0.108540000000
1351494326,10.437050000000,0.047040000000
1351494326,10.436990000000,0.505000010000
1351494326,10.436620000000,1.290700000000
1351494326,10.435010000000,0.108600000000
1351494326,10.433110000000,0.011420000000
1351494326,10.431700000000,0.671031570000
1351494326,10.431000000000,0.050000000000
1351494327,10.430920000000,1.981094280000
1351494327,10.430900000000,7.000000000000
1351494327,10.430800000000,7.000000000000
1351494327,10.430700000000,7.000000000000
1351494327,10.430600000000,7.000000000000
1351494327,10.430500000000,7.000000000000
1351494327,10.430400000000,7.000000000000
1351494327,10.430300000000,7.000000000000
1351494327,10.430200000000,7.000000000000
1351494327,10.430100000000,7.000000000000
1351494327,10.430010000000,0.108650000000
1351494327,10.428940000000,0.012550000000
1351494329,10.427200000000,0.010211730000
1351494330,10.427200000000,0.020212160000
1351494330,10.427190000000,0.505000010000
1351494330,10.425010000000,0.108700000000
1351494330,10.424400000000,0.671501480000
1351494330,10.420600000000,7.000000000000
1351494330,10.420500000000,7.000000000000
1351494330,10.420400000000,7.000000000000
1351494330,10.420300000000,7.000000000000
1351494330,10.420200000000,5.731876800000
1351494330,10.420100000000,7.000000000000
1351494330,10.420010000000,0.108750000000
1351494330,10.418240000000,0.125790000000
1351494330,10.418240000000,0.031550000000
1351494330,10.417390000000,0.505000010000
1351494331,10.417200000000,0.671965600000
1351494331,10.415010000000,0.108800000000
1351494331,10.410700000000,7.000000000000
1351494331,10.410600000000,7.000000000000
1351494331,10.410500000000,7.000000000000
1351494331,10.410400000000,7.000000000000
1351494331,10.410300000000,7.000000000000
1351494331,10.410200000000,7.000000000000
1351494331,10.410100000000,7.000000000000
1351494331,10.410010000000,0.108860000000
1351494331,10.410000000000,0.672430360000
1351494331,10.409480000000,0.827195820000
1351494331,10.407600000000,0.010217390000
1351494331,10.407600000000,0.011338720000
1351494332,10.407590000000,0.505000010000
1351494332,10.405740000000,0.054140000000
1351494332,10.405010000000,0.108910000000
1351494332,10.402800000000,0.672895760000
1351494332,10.402000000000,7.000000000000
1351494332,10.401000000000,7.000000000000
1351494332,10.400020000000,1.771352040000
1351494332,10.400010000000,0.108960000000
1351494332,10.400000000000,10.000000000000
1351494332,10.400000000000,200.000000000000
1351494332,10.399970000000,0.354850000000
1351494333,10.397790000000,0.359395690000
1351494333,10.395600000000,0.673361810000
1351494333,10.395010000000,0.109010000000
1351494333,10.391080000000,0.106870000000
1351494333,10.390010000000,0.109070000000
1351494333,10.388410000000,18.440000000000
1351494333,10.388000000000,0.020214430000
1351494333,10.388000000000,0.010223040000
1351494333,10.387990000000,0.359309370000
1351494334,10.387500000000,0.673886880000
1351494334,10.385010000000,0.109120000000
1351494334,10.384600000000,0.086980000000
1351494334,10.382220000000,5.941277390000
1351494390,10.487410000000,0.115119240000
1351494410,10.487420000000,0.086339430000
1351494412,10.487420000000,0.012651880000
1351494463,10.487420000000,0.064754570000
1351494524,10.487420000000,0.048565930000
1351494558,10.582050000000,7.100226010000
1351494558,10.590000000000,0.050000000000
1351494558,10.595200000000,0.673886880000
1351494558,10.599990000000,0.355751850000
1351494559,10.600000000000,0.010141900000
1351494559,10.600000000000,0.020014690000
1351494560,10.603500000000,0.673361810000
1351494560,10.609990000000,0.355837320000
1351494560,10.610700000000,0.672902230000
1351494560,10.617200000000,45.991400000000
1351494560,10.618200000000,0.672430360000
1351494560,10.619990000000,0.500000010000
1351494560,10.620000000000,0.010136500000
1351494561,10.620000000000,0.011227080000
1351494561,10.621140000000,0.093900000000
1351494561,10.625500000000,0.671965600000
1351494561,10.629990000000,0.500000010000
1351494561,10.632800000000,0.671501480000
1351494561,10.639990000000,0.500000010000
1351494561,10.640000000000,0.010131100000
1351494561,10.640000000000,0.020013060000
1351494561,10.640300000000,0.671031570000
1351494561,10.649990000000,0.500000010000
1351494561,10.650000000000,95.635765940000
1351494561,10.650000000000,287.000000000000
1351494562,10.655200000000,0.670093720000
1351494562,10.656860000000,2.000000000000
1351494562,10.657640000000,0.117350000000
1351494562,10.659170000000,0.047800000000
1351494562,10.659540000000,0.012400000000
1351494562,10.659990000000,0.500000010000
1351494562,10.660000000000,0.010121100000
1351494562,10.660000000000,0.011186340000
1351494562,10.662600000000,0.669625770000
1351494562,10.669990000000,0.500000010000
1351494562,10.670100000000,0.669158490000
1351494562,10.670100000000,0.015686720000
1351494562,10.671260000000,6.696850000000
1351494562,10.672790000000,0.168930000000
1351494563,10.672790000000,0.056690000000
1351494563,10.673040000000,0.018480000000
1351494563,10.675690000000,0.016505050000
1351494563,10.677500000000,0.668691850000
1351494563,10.679990000000,0.500000010000
1351494563,10.680000000000,0.010117300000
1351494563,10.680000000000,0.020012540000
1351494563,10.681600000000,89.950400000000
1351494563,10.682600000000,0.040500000000
1351494563,10.682600000000,0.017470000000
1351494563,10.683470000000,0.045860000000
1351494563,10.685000000000,0.668225860000
1351494563,10.687260000000,0.016815460000
1351494563,10.689990000000,0.500000010000
1351494563,10.691240000000,0.047120000000
1351494563,10.692040000000,0.196340000000
1351494563,10.692300000000,0.667766890000
1351494563,10.694410000000,0.919750000000
1351494564,10.694410000000,0.585820000000
1351494564,10.697020000000,0.127060000000
1351494564,10.697600000000,0.028363530000
1351494564,10.699900000000,0.667295830000
1351494564,10.699990000000,0.500000010000
1351494564,10.700000000000,0.010113900000
1351494564,10.700000000000,0.011171610000
1351494564,10.700000000000,0.200000000000
1351494564,10.704750000000,0.121890000000
1351494564,10.706620000000,0.012924810000
1351494564,10.707300000000,0.666831790000
1351494564,10.709990000000,0.500000010000
1351494564,10.713510000000,0.042220000000
1351494564,10.714040000000,0.028170000000
1351494564,10.714700000000,0.666368390000
1351494564,10.719990000000,0.500000010000
1351494565,10.720000000000,0.010110100000
1351494565,10.720000000000,0.020005760000
1351494565,10.722200000000,0.665905630000
1351494565,10.723410000000,0.051260000000
1351494565,10.726170000000,0.376030000000
1351494565,10.726690000000,0.187590000000
1351494565,10.726700000000,0.013520000000
1351494565,10.729490000000,0.060630000000
1351494565,10.729600000000,0.665443520000
1351494565,10.729990000000,0.500000010000
1351494565,10.731930000000,0.326950000000
1351494565,10.737100000000,0.664982050000
1351494565,10.739590000000,0.660300000000
1351494566,10.739990000000,0.500000010000
1351494566,10.740000000000,0.010108300000
1351494566,10.740000000000,0.011168400000
1351494566,10.742160000000,0.027488920000
1351494566,10.742270000000,0.106120000000
1351494566,10.743940000000,0.062960000000
1351494566,10.744400000000,0.664527520000
1351494566,10.746240000000,0.138800000000
1351494566,10.747420000000,0.106070000000
1351494566,10.749130000000,1.374672960000
1351494566,10.749990000000,0.500000010000
1351494566,10.750000000000,1.783690630000
1351494566,10.750000000000,0.200000000000
1351494566,10.750000000000,6.860000000000
1351494567,10.751890000000,3.104240000000
1351494567,10.752000000000,0.664061020000
1351494567,10.752570000000,0.106020000000
1351494567,10.754630000000,0.050630000000
1351494567,10.754860000000,0.101430000000
1351494567,10.755680000000,0.055390000000
1351494567,10.757360000000,3.014000000000
1351494567,10.757730000000,0.105970000000
1351494567,10.759400000000,0.663601460000
1351494567,10.759990000000,0.500000010000
1351494567,10.760000000000,0.010105300000
1351494567,10.760000000000,0.020009680000
1351494567,10.760000000000,49.785000000000
1351494567,10.762880000000,0.105920000000
1351494568,10.766900000000,0.663142540000
1351494568,10.767210000000,0.016540000000
1351494568,10.768030000000,0.105870000000
1351494568,10.769990000000,0.500000010000
1351494568,10.773180000000,0.105820000000
1351494568,10.774300000000,0.662684250000
1351494568,10.778330000000,0.105770000000
1351494568,10.779050000000,7.661690000000
1351494568,10.779990000000,0.500000010000
1351494568,10.780000000000,0.010102300000
1351494568,10.780000000000,0.011144720000
1351494568,10.780600000000,0.069230000000
1351494568,10.780600000000,0.194120000000
1351494568,10.780850000000,0.022530000000
1351494568,10.783490000000,0.105720000000
1351494569,10.783660000000,6.997403030000
1351494569,10.786000000000,0.661963570000
1351494569,10.788040000000,0.059510000000
1351494569,10.788640000000,0.105670000000
1351494569,10.788880000000,99.000000000000
1351494569,10.789990000000,0.500000010000
1351494569,10.790000000000,0.022200000000
1351494569,10.790500000000,0.021380000000
1351494569,10.790500000000,0.056580000000
1351494569,10.791380000000,0.057340000000
1351494569,10.791860000000,132.000000000000
1351494569,10.792820000000,0.016742890000
1351494569,10.793790000000,0.105620000000
1351494569,10.798940000000,0.105570000000
1351494569,10.799990000000,0.500000010000
1351494570,10.800000000000,0.070000000000
1351494570,10.800000000000,0.010099700000
1351494570,10.800000000000,56.031657680000
1351494570,10.800000000000,0.020014110000
1351494570,10.800000000000,42.887719260000
1351494570,10.800000000000,0.200000000000
1351494570,10.800040000000,0.241570000000
1351494570,10.802430000000,0.679520000000
1351494570,10.802430000000,1.154160000000
1351494570,10.804100000000,0.105520000000
1351494570,10.805650000000,3.360670000000
1351494570,10.809250000000,0.105470000000
1351494570,10.809990000000,0.500000010000
1351494570,10.814400000000,0.105410000000
1351494570,10.815780000000,0.017142710000
1351494570,10.816140000000,0.017051000000
1351494570,10.819550000000,0.105360000000
1351494571,10.819990000000,0.500000010000
1351494571,10.820000000000,0.010097500000
1351494571,10.820000000000,0.011110890000
1351494571,10.820500000000,0.063610000000
1351494571,10.821130000000,0.012100000000
1351494571,10.821730000000,0.053430000000
1351494571,10.822260000000,0.035880000000
1351494571,10.822800000000,0.012021900000
1351494571,10.824700000000,0.105310000000
1351494571,10.825000000000,0.026722860000
1351494571,10.829860000000,0.105260000000
1351494571,10.829990000000,0.500000010000
1351494571,10.830020000000,0.236621210000
1351494572,10.834000000000,2.000000000000
1351494572,10.834510000000,0.466160000000
1351494572,10.835010000000,0.105210000000
1351494572,10.835050000000,0.017030000000
1351494572,10.835050000000,0.211730000000
1351494572,10.836160000000,0.013909770000
1351494572,10.837870000000,0.077230000000
1351494572,10.839990000000,0.500000010000
1351494572,10.840000000000,0.010096100000
1351494572,10.840000000000,0.020018140000
1351494572,10.840000000000,9.026230060000
1351494572,10.840000000000,90.973769940000
1351494572,10.840160000000,0.105160000000
1351494573,10.840340000000,0.426710000000
1351494573,10.842130000000,0.100000000000
1351494573,10.843000000000,99.000000000000
1351494573,10.843000000000,12.927928610000
1351494579,10.613270000000,0.034600000000
1351494579,10.613270000000,6.624521390000
1351494585,10.623210000000,0.036424440000
1351494629,10.628540000000,5.450000000000
1351494658,10.628530000000,0.010871700000
1351494659,10.628530000000,0.027318330000
1351494692,10.628540000000,1.495979580000
1351494692,10.628530000000,5.414089970000
1351494696,10.623200000000,0.010177690000
1351494697,10.623200000000,0.020218320000
1351494698,10.623190000000,0.505000010000
1351494700,10.614390000000,0.075247480000
1351494740,10.614390000000,0.020488750000
1351494765,10.709800000000,5.878852880000
1351494768,10.613400000000,0.015366560000
1351494793,10.709790000000,8.522727270000
1351494796,10.613400000000,0.003575970000
1351494796,10.613390000000,0.001636520000
1351494829,10.614410000000,0.011524920000
1351494866,10.630000000000,13.980000000000
1351494866,10.709800000000,18.020000000000
1351494903,10.709740000000,3.700000000000
1351495027,10.709680000000,0.028011990000
1351495033,10.709680000000,11.205983740000
1351495261,10.614400000000,1.000000000000
1351495274,10.614400000000,0.494600000000
1351495341,10.614400000000,0.224400000000
1351495415,10.614400000000,1.226383800000
1351495547,10.620010000000,20.658228930000
1351495547,10.620000000000,1.091771070000
1351496030,10.640550000000,6.612159240000
1351496030,10.621000000000,4.287840760000
1351496417,10.620000000000,1.070000000000
1351496537,10.620000000000,0.100000000000
1351496571,10.621000000000,4.000000000000
1351496595,10.621000000000,0.100000000000
1351496648,10.621000000000,1.300000000000
1351496650,10.621000000000,60.650000000000
1351496656,10.621000000000,0.100000000000
1351496718,10.621000000000,0.100000000000
1351496779,10.621000000000,0.100000000000
1351496839,10.621000000000,0.100000000000
1351496900,10.621000000000,0.100000000000
1351496961,10.640540000000,0.100000000000
1351496985,10.640540000000,9.900000000000
1351496985,10.622000000000,45.980700000000
1351496985,10.621000000000,68.450000000000
1351496985,10.621000000000,43.422997830000
1351496985,10.620000000000,2.738228930000
1351496985,10.613390000000,0.503363490000
1351496985,10.603600000000,0.010179310000
1351496986,10.603600000000,0.011225570000
1351496986,10.603590000000,0.505000010000
1351496986,10.593790000000,0.505000010000
1351496986,10.584000000000,0.010181730000
1351496986,10.584000000000,0.020214250000
1351496986,10.583990000000,0.505000010000
1351496986,10.581280000000,0.164270000000
1351496986,10.581160000000,0.083160000000
1351496986,10.574190000000,0.505000010000
1351496986,10.564400000000,0.010184550000
1351496987,10.564400000000,0.011261010000
1351496987,10.564390000000,0.505000010000
1351496987,10.555590000000,0.159033280000
1351497091,10.556600000000,0.470950830000
1351497113,10.556590000000,0.869126240000
1351497145,10.556590000000,0.072157710000
1351497205,10.649110000000,0.047102950000
1351497226,10.649110000000,2.635926980000
1351497266,10.650000000000,0.033901950000
1351497312,10.650010000000,0.050000000000
1351497312,10.650000000000,0.966098050000
1351497331,10.590120000000,0.019754750000
1351497388,10.590120000000,0.010873730000
1351497394,10.644950000000,0.050000000000
1351497489,10.644940000000,4.616658830000
1351497491,10.644960000000,3.757596000000
1351497528,10.644960000000,1.575607980000
1351497528,10.699620000000,3.097560570000
1351497528,10.700000000000,1.000000000000
1351497528,10.708800000000,0.723595730000
1351497529,10.709830000000,0.642480000000
1351497529,10.710000000000,52.111161700000
1351497529,10.726690000000,0.192770000000
1351497529,10.737120000000,0.106170000000
1351497529,10.749130000000,1.779969760000
1351497529,10.752390000000,0.114200000000
1351497529,10.764190000000,38.656484260000
1351497639,10.749080000000,41.285946330000
1351498075,10.747880000000,0.620682460000
1351498075,10.747940000000,0.100000000000
1351498075,10.749130000000,1.005537240000
1351498076,10.767210000000,0.013680000000
1351498076,10.770000000000,3.412771080000
1351498276,10.654600000000,2.116000000000
1351498367,10.700000000000,8.400000000000
1351498408,10.700000000000,8.403361340000
1351498530,10.654730000000,6.000000000000
1351498629,10.700000000000,0.028037380000
1351498663,10.700000000000,0.570495560000
1351498668,10.654760000000,10.000000000000
1351498791,10.654760000000,0.013718040000
1351498991,10.654760000000,2.500000000000
1351499099,10.654760000000,1.880000000000
1351499328,10.648540000000,4.000000000000
1351499380,10.680000000000,0.050000000000
1351499520,10.648540000000,1.280000000000
1351499915,10.648550000000,13.684694840000
1351500006,10.648550000000,0.009115790000
1351500126,10.648530000000,1.179370000000
1351500139,10.635030000000,0.010257930000
1351500139,10.635020000000,0.032650000000
1351500193,10.626900000000,0.045890000000
1351500287,10.602070000000,0.087888440000
1351500287,10.602060000000,0.107990000000
1351500288,10.595010000000,0.014121560000
1351500289,10.595010000000,0.037468440000
1351500289,10.593430000000,0.083060000000
1351500289,10.586840000000,0.085330000000
1351500289,10.584560000000,0.701010270000
1351500289,10.583040000000,0.034390000000
1351500289,10.583040000000,0.031460000000
1351500289,10.572140000000,0.019600000000
1351500289,10.566220000000,0.275770000000
1351500290,10.564000000000,0.250000000000
1351500290,10.563230000000,0.057320000000
1351500290,10.561660000000,0.022251290000
1351500564,10.626880000000,0.100000000000
1351500566,10.626880000000,8.649768320000
1351500572,10.626880000000,1.620116440000
1351500572,10.626890000000,0.115301840000
1351500593,10.588220000000,0.016974370000
1351500593,10.566920000000,0.146125630000
1351500655,10.566930000000,10.489138010000
1351500662,10.566920000000,0.148799130000
1351500664,10.566920000000,0.056356000000
1351500664,10.566930000000,7.248401850000
1351500727,10.566920000000,0.888353770000
1351500728,10.566930000000,6.213099350000
1351500735,10.566920000000,0.163783610000
1351500735,10.566930000000,0.086216390000
1351500809,10.554600000000,0.897639820000
1351500810,10.554590000000,0.505000010000
1351500810,10.553770000000,0.023540000000
1351500810,10.549030000000,0.092700000000
1351500810,10.546720000000,2.747120170000
1351500819,10.546730000000,0.178722130000
1351500819,10.546720000000,8.988263800000
1351500855,10.546710000000,0.049070580000
1351500855,10.546720000000,4.950929420000
1351500866,10.546720000000,0.100000000000
1351500927,10.546720000000,0.100000000000
1351500988,10.546720000000,0.100000000000
1351501048,10.546720000000,0.100000000000
1351501069,10.546720000000,1.000000000000
1351501088,10.544810000000,0.025733500000
1351501088,10.544800000000,0.010187780000
1351501092,10.544800000000,0.020209780000
1351501110,10.544800000000,0.100000000000
1351501171,10.544800000000,0.100000000000
1351501180,10.544800000000,0.776973130000
1351501180,10.546720000000,59.223026870000
1351501198,10.546720000000,3.039165850000
1351501232,10.546710000000,0.025784800000
1351501232,10.546720000000,0.074215200000
1351501293,10.546720000000,0.100000000000
1351501354,10.546720000000,0.100000000000
1351501387,10.546720000000,1.000000000000
1351501414,10.546720000000,0.100000000000
1351501475,10.546720000000,0.100000000000
1351501537,10.546720000000,0.100000000000
1351501598,10.546720000000,0.100000000000
1351501662,10.546720000000,0.096333260000
1351501774,10.544790000000,0.200100000000
1351501783,10.544790000000,0.304900010000
1351501784,10.544000000000,0.250000000000
1351501784,10.542040000000,0.785099990000
1351501847,10.546710000000,0.125908850000
1351501847,10.546720000000,19.874091150000
1351501859,10.546720000000,0.145572270000
1351502022,10.546720000000,0.429680050000
1351502022,10.626890000000,8.021024180000
1351502025,10.626880000000,13.834258030000
1351502102,10.542040000000,0.777270010000
1351502141,10.542030000000,4.900000000000
1351502203,10.542030000000,0.002529990000
1351502228,10.626880000000,0.028457520000
1351502496,10.542050000000,14.454831570000
1351502496,10.542040000000,5.545168430000
1351502648,10.626880000000,35.848702940000
1351502648,10.626890000000,2.733697060000
1351502962,10.626770000000,12.717632920000
1351503052,10.562450000000,15.750000000000
1351503807,10.562450000000,0.240329270000
1351503980,10.578160000000,19.703491600000
1351503980,10.578150000000,70.276415020000
1351503981,10.578150000000,19.703491600000
1351504279,10.562440000000,0.360000000000
1351504732,10.574990000000,0.423371930000
1351504778,10.562440000000,0.000038050000
1351504778,10.550000000000,0.049487000000
1351504778,10.542040000000,0.950474950000
1351504927,10.542050000000,0.062660460000
1351504927,10.542040000000,1.937339540000
1351505055,10.574990000000,0.665108250000
1351505055,10.575000000000,0.282000000000
1351505055,10.578150000000,19.052891750000
1351505123,10.578140000000,8.000984400000
1351505124,10.578150000000,8.299015600000
1351505128,10.542060000000,0.091468080000
1351505180,10.578150000000,5.000000000000
1351505184,10.542060000000,1.011242470000
1351505207,10.542050000000,8.014721480000
1351505228,10.542040000000,7.185787090000
1351505251,10.540000000000,11.000000000000
1351505252,10.540000000000,11.000000000000
1351505272,10.540000000000,11.000000000000
1351505430,10.540000000000,4.000000000000
1351505515,10.540000000000,8.398500000000
1351505635,10.578140000000,1.107729380000
1351505636,10.578150000000,7.342974850000
1351505676,10.578140000000,9.885205400000
1351505676,10.578150000000,4.911690640000
1351505679,10.578150000000,25.000000000000
1351505718,10.538500000000,1.125383700000
1351505740,10.538500000000,4.892361410000
1351505827,10.578140000000,0.028360370000
1351505859,10.578120000000,5.156243760000
1351505859,10.578150000000,14.843756240000
1351506000,10.540010000000,5.004228690000
1351506000,10.540000000000,5.000000000000
1351506085,10.538500000000,5.110516930000
1351506086,10.538490000000,0.013100000000
1351506502,10.534990000000,0.226383070000
1351506525,10.535000000000,0.339119120000
1351506656,10.534990000000,0.278616940000
1351506656,10.534280000000,0.012400000000
1351506656,10.531540000000,0.063050000000
1351506656,10.530000000000,2.645933060000
1351506658,10.530000000000,10.900000000000
1351506706,10.530000000000,6.240023650000
1351506715,10.530000000000,0.857228480000
1351506720,10.530000000000,5.616021280000
1351506898,10.534990000000,0.173564210000
1351506898,10.540000000000,5.981771310000
1351507007,10.530000000000,0.223754330000
1351507138,10.578140000000,1.000000000000
1351507317,10.578140000000,2.822479520000
1351507346,10.530000000000,26.177204170000
1351507346,10.529990000000,17.434310050000
1351507501,10.529990000000,4.519916490000
1351507530,10.529990000000,15.003800000000
1351507554,10.525210000000,4.007072560000
1351507556,10.525200000000,0.010191010000
1351507557,10.525200000000,0.011286210000
1351507561,10.525200000000,25.450426110000
1351507914,10.525200000000,6.000000000000
1351508098,10.525200000000,4.781060400000
1351508281,10.525190000000,0.505000010000
1351508281,10.524000000000,0.004999990000
1351508282,10.524000000000,0.103174600000
1351508359,10.524000000000,0.141825410000
1351508359,10.521250000000,1.901874590000
1351508919,10.525200000000,17.200000000000
1351509031,10.525190000000,0.010008740000
1351509031,10.525200000000,0.989991260000
1351509082,10.525190000000,0.057675040000
1351509251,10.525200000000,8.538899430000
1351509307,10.525200000000,7.030000000000
1351509427,10.525200000000,0.028503020000
1351509587,10.525200000000,16.554464180000
1351509690,10.525200000000,5.272000000000
1351509694,10.525200000000,4.126105820000
1351509759,10.525190000000,0.042324960000
1351509787,10.524000000000,1.000000000000
1351509787,10.522040000000,1.204000000000
1351509788,10.522020000000,8.696000000000
1351509868,10.522050000000,0.493657890000
1351509868,10.522040000000,1.124000000000
1351509868,10.522020000000,1.322342110000
1351509926,10.522040000000,1.093000000000
1351509926,10.522020000000,17.367000000000
1351509970,10.522040000000,1.061000000000
1351509970,10.522020000000,1.921579520000
1351509987,10.525180000000,10.391675040000
1351509987,10.529990000000,9.608324960000
1351509995,10.522040000000,0.084000000000
1351510014,10.529980000000,0.371769780000
1351510014,10.529990000000,2.828230220000
1351510033,10.522040000000,0.946000000000
1351510033,10.522020000000,575.408438470000
1351510037,10.529990000000,0.995840450000
1351510038,10.529990000000,5.522373660000
1351510331,10.577980000000,0.042337190000
1351510499,10.577980000000,0.045159670000
1351510694,10.577980000000,19.779288590000
1351510695,10.578000000000,1.000000000000
1351510695,10.578100000000,1.276779240000
1351510695,10.578150000000,5.529577540000
1351510695,10.578160000000,16.414354630000
1351510742,10.538150000000,1.078000000000
1351510742,10.530000000000,3.622000000000
1351510751,10.578160000000,3.289136970000
1351510814,10.578170000000,21.195263030000
1351510934,10.531080000000,1.140933870000
1351510944,10.531080000000,0.266107380000
1351511003,10.531080000000,0.213836290000
1351511064,10.531080000000,0.173968510000
1351511126,10.531080000000,0.187974450000
1351511176,10.531080000000,17.322204020000
1351511178,10.531080000000,1.124634820000
1351511187,10.531080000000,0.049350940000
1351511187,10.531060000000,0.101644930000
1351511248,10.536020000000,0.110011270000
1351511250,10.536020000000,0.288296920000
1351511300,10.536020000000,0.601691810000
1351511300,10.530020000000,0.159255130000
1351511303,10.578150000000,0.100000000000
1351511309,10.530020000000,0.097068770000
1351511369,10.530020000000,0.071366060000
1351511378,10.578150000000,12.342820280000
1351511378,10.578170000000,10.157179720000
1351511398,10.530030000000,1.000000000000
1351511414,10.578160000000,3.839195730000
1351511415,10.578170000000,10.292650270000
1351511422,10.530030000000,0.606700940000
1351511432,10.530030000000,0.066436870000
1351511477,10.578160000000,0.979849080000
1351511477,10.578170000000,0.745433040000
1351511477,10.600000000000,6.766234460000
1351511483,10.530020000000,0.533896830000
1351511484,10.599990000000,2.830505530000
1351511492,10.530020000000,0.067136200000
1351511545,10.530020000000,0.417329350000
1351511553,10.530020000000,0.042401810000
1351511605,10.530020000000,0.373399950000
1351511613,10.530020000000,0.036422070000
1351511666,10.530020000000,0.334605150000
1351511675,10.530020000000,0.031414040000
1351511728,10.530020000000,0.304186500000
1351511736,10.530020000000,0.027879960000
1351511788,10.530020000000,0.272987880000
1351511797,10.530020000000,0.024139960000
1351511849,10.530020000000,0.319485820000
1351511857,10.530020000000,0.026266110000
1351511910,10.530020000000,0.341054480000
1351511919,10.530020000000,0.026877630000
1351511948,10.530020000000,12.603416450000
1351511972,10.530010000000,0.231402820000
1351511980,10.530010000000,0.016783310000
1351512037,10.530010000000,0.178755620000
1351512047,10.530010000000,0.014636610000
1351512061,10.530020000000,28.139753900000
1351512061,10.593190000000,0.217676620000
1351512061,10.599700000000,5.954096720000
1351512093,10.530010000000,0.173677330000
1351512102,10.530010000000,0.012223980000
1351512154,10.530040000000,0.135511200000
1351512163,10.530040000000,0.012776030000
1351512215,10.530020000000,0.150977150000
1351512276,10.530020000000,0.106495710000
1351512337,10.530020000000,0.085167940000
1351512398,10.530010000000,0.077919610000
1351512431,10.530010000000,1.505123710000
1351512431,10.530000000000,40.855626340000
1351512658,10.524040000000,1.000804820000
1351512703,10.524020000000,0.172944050000
1351512703,10.524030000000,5.066876170000
1351512712,10.524020000000,0.028092000000
1351512712,10.524030000000,1.251720920000
1351512764,10.524030000000,1.608502980000
1351512773,10.524030000000,0.249975310000
1351512813,10.522020000000,1.000000000000
1351512825,10.524030000000,0.596944850000
1351512867,10.524030000000,8.053874950000
1351512867,10.530000000000,0.485024480000
1351512966,10.522020000000,3.000000000000
1351513030,10.529990000000,0.028490060000
1351513110,10.522020000000,100.000000000000
1351513114,10.522020000000,94.117998360000
1351513153,10.522020000000,3.000000000000
1351513240,10.529990000000,0.386206450000
1351513240,10.530000000000,32.154225470000
1351513240,10.587820000000,0.130605970000
1351513240,10.590500000000,0.130605970000
1351513240,10.599990000000,0.981732000000
1351513240,10.600000000000,0.821871260000
1351513241,10.600000000000,3.081642140000
1351513241,10.626790000000,12.313110740000
1351513267,10.587820000000,0.026121200000
1351513267,10.608870000000,0.026121200000
1351513267,10.626750000000,7.247757600000
1351513604,10.522030000000,0.881863340000
1351513605,10.522020000000,6.118136660000
1351513605,10.522020000000,1.000000000000
1351513605,10.522020000000,0.049000000000
1351513756,10.599990000000,0.010000000000
1351513797,10.522020000000,0.135667680000
1351513843,10.599990000000,0.010000000000
1351513907,10.599990000000,32.000000000000
1351513972,10.599850000000,10.538632000000
1351513973,10.599860000000,7.277421230000
1351513973,10.599900000000,3.000000000000
1351513973,10.600000000000,13.254230690000
1351514098,10.599990000000,0.010000000000
1351514147,10.585630000000,42.160943750000
1351514147,10.585620000000,20.000000000000
1351514181,10.523030000000,0.228837430000
1351514181,10.522020000000,5.771162570000
1351514356,10.522020000000,18.000000000000
1351514360,10.522020000000,0.109932120000
1351514398,10.585600000000,0.010000000000
1351514497,10.522020000000,0.380000000000
1351514577,10.583990000000,2.100000000000
1351514645,10.583990000000,0.035123800000
1351514692,10.583990000000,0.010000000000
1351514841,10.522030000000,0.143400000000
1351514926,10.581990000000,23.224180290000
1351514926,10.582000000000,2.057840000000
1351514926,10.585000000000,1.000000000000
1351514926,10.585620000000,2.067040000000
1351515011,10.585610000000,3.092357880000
1351515011,10.585620000000,16.907642120000
1351515082,10.585620000000,0.187960640000
1351515091,10.585620000000,0.137184210000
1351515177,10.585620000000,18.539229280000
1351515177,10.590000000000,14.660770720000
1351515697,10.522180000000,5.000000000000
1351515765,10.580000000000,1.434155950000
1351515877,10.570000000000,0.010000000000
1351515882,10.522180000000,8.100000000000
1351515922,10.570000000000,4.450000000000
1351515923,10.580000000000,3.478531190000
1351516167,10.522180000000,2.063801990000
1351516251,10.579990000000,0.010000000000
1351516273,10.522180000000,5.000000000000
1351516390,10.574490000000,2.000000000000
1351516481,10.580000000000,8.538899430000
1351516494,10.574490000000,0.211298040000
1351516556,10.574490000000,0.157696700000
1351516563,10.574490000000,5.640009550000
1351516635,10.574470000000,0.028355390000
1351516839,10.569960000000,6.705477580000
1351516860,10.569960000000,0.307818250000
1351516981,10.570000000000,0.114908070000
1351516982,10.574480000000,4.585091930000
1351517005,10.574480000000,0.010000000000
1351517107,10.574470000000,7.233505630000
1351517107,10.574480000000,16.408294370000
1351517180,10.529150000000,1.000000000000
1351517219,10.574470000000,0.962081110000
1351517219,10.574480000000,41.375111670000
1351517226,10.529210000000,0.243897890000
1351517280,10.574480000000,17.250000000000
1351517287,10.529210000000,0.201977940000
1351517427,10.574480000000,8.890810480000
1351517531,10.574480000000,0.165357190000
1351517767,10.529210000000,0.832339080000
1351517777,10.529210000000,0.162165180000
1351517836,10.529210000000,0.123650950000
1351517844,10.574480000000,10.300000000000
1351517890,10.529210000000,0.721360540000
1351517897,10.529210000000,0.123650950000
1351517900,10.572190000000,0.500000000000
1351517949,10.529210000000,0.637045670000
1351517958,10.529210000000,0.092326040000
1351518153,10.529210000000,10.285957100000
1351518153,10.529140000000,40.303432560000
1351518153,10.522020000000,77.969925920000
1351518153,10.522010000000,1.000000000000
1351518153,10.522010000000,0.628032090000
1351518153,10.520000000000,69.812652330000
1351518192,10.520010000000,0.998286120000
1351518192,10.520000000000,30.187347670000
1351518202,10.519990000000,0.154455810000
1351518202,10.520000000000,0.083237700000
1351518255,10.571190000000,9.596430360000
1351518310,10.571190000000,2.189020450000
1351518310,10.571200000000,7.238061140000
1351518340,10.530010000000,0.100000000000
1351518400,10.540010000000,0.100000000000
1351518438,10.550010000000,0.754396190000
1351518446,10.560000000000,0.181303820000
1351518462,10.560010000000,0.100000000000
1351518476,10.560010000000,3.000000000000
1351518522,10.560010000000,0.100000000000
1351518525,10.560010000000,7.645201010000
1351518525,10.560000000000,4.818696180000
1351518569,10.519700000000,0.081421810000
1351518569,10.519690000000,0.063920000000
1351518569,10.515490000000,5.143000000000
1351518569,10.515390000000,0.505000010000
1351518570,10.512500000000,2.566258180000
1351518807,10.512520000000,0.076953600000
1351518808,10.512500000000,29.182626500000
1351518900,10.536010000000,4.902197530000
1351518900,10.512500000000,12.466081580000
1351519018,10.570390000000,0.010000000000
1351519287,10.559970000000,15.859632050000
1351519287,10.559980000000,1.000000000000
1351519300,10.560000000000,0.010000000000
1351519316,10.559990000000,0.100000000000
1351519377,10.559990000000,0.100000000000
1351519377,10.559990000000,2.000000000000
1351519429,10.559990000000,2.000000000000
1351519430,10.560000000000,1.300000000000
1351519433,10.559990000000,2.000000000000
1351519436,10.559990000000,2.000000000000
1351519437,10.559990000000,0.100000000000
1351519467,10.559990000000,1.000000000000
1351519498,10.559990000000,0.100000000000
1351519559,10.559990000000,0.100000000000
1351519620,10.559990000000,0.087172100000
1351519625,10.559990000000,0.070000000000
1351519630,10.559990000000,6.047088880000
1351519630,10.559980000000,0.024126930000
1351519630,10.559980000000,0.258784190000
1351519632,10.559980000000,1.000000000000
1351519646,10.559980000000,1.000000000000
1351519681,10.559980000000,0.050291600000
1351519685,10.560000000000,0.010000000000
1351519685,10.559980000000,9.190924210000
1351519817,10.512510000000,0.132757610000
1351519817,10.512500000000,4.872975300000
1351519833,10.559960000000,0.010000000000
1351520024,10.559960000000,15.687701850000
1351520024,10.559970000000,12.954798150000
1351520099,10.559960000000,0.132757610000
1351520100,10.559970000000,4.854277640000
1351520100,10.560000000000,3.551864180000
1351520227,10.559990000000,0.013200370000
1351520227,10.560000000000,0.015208750000
1351520241,10.560000000000,0.010000000000
1351520350,10.512510000000,3.000000000000
1351520350,10.512510000000,0.116202100000
1351520412,10.560000000000,1.020800000000
1351520602,10.560000000000,74.082127070000
1351520638,10.512510000000,12.616926490000
1351520638,10.512500000000,13.383073510000
1351520666,10.512510000000,0.203158000000
1351520667,10.512500000000,0.536842000000
1351520674,10.571190000000,0.010000000000
1351520732,10.512500000000,20.836202960000
1351520751,10.571190000000,0.010000000000
1351520780,10.550000000000,0.010000000000
1351520780,10.512500000000,0.028330350000
1351520868,10.571170000000,3.285439640000
1351520869,10.571200000000,0.102826470000
1351520869,10.574480000000,62.600263370000
1351520902,10.550010000000,0.039491880000
1351520908,10.574470000000,1.042780260000
1351520908,10.574480000000,24.963219740000
1351520939,10.550010000000,0.485338560000
1351520959,10.560010000000,0.028007710000
1351520962,10.560010000000,0.029618910000
1351520977,10.574480000000,15.000000000000
1351520999,10.570010000000,0.671880260000
1351521025,10.570010000000,0.039610830000
1351521278,10.570010000000,2.853761650000
1351521278,10.570000000000,0.010000000000
1351521278,10.560000000000,0.010000000000
1351521278,10.550000000000,0.010000000000
1351521279,10.513500000000,5.416238350000
1351521382,10.574470000000,9.079400000000
1351521398,10.574470000000,1.000000000000
1351521399,10.513510000000,0.219214210000
1351521458,10.512510000000,9.500000000000
1351521484,10.513510000000,11.000000000000
1351521506,10.513510000000,5.734579440000
1351521803,10.513510000000,0.010000000000
1351521880,10.513510000000,2.297193640000
1351521917,10.512510000000,0.389939400000
1351521917,10.512500000000,9.610060600000
1351522053,10.513510000000,1.046300000000
1351522061,10.513510000000,0.100000000000
1351522124,10.512500000000,0.282748220000
1351522125,10.512500000000,6.234800800000
1351522125,10.509560000000,0.010370000000
1351522126,10.508870000000,0.104550000000
1351522126,10.506710000000,0.100000000000
1351522126,10.506710000000,0.900000000000
1351522126,10.505600000000,0.010195460000
1351522128,10.505600000000,0.020205820000
1351522128,10.505590000000,0.505000010000
1351522128,10.505020000000,0.228270000000
1351522128,10.505000000000,2.500000000000
1351522129,10.504000000000,0.250000000000
1351522129,10.502050000000,15.636607910000
1351522170,10.502050000000,11.385074330000
1351522170,10.502040000000,18.700000000000
1351522170,10.500000000000,3.333300000000
1351522170,10.499950000000,0.068810000000
1351522170,10.496040000000,0.137430000000
1351522170,10.495790000000,0.505000010000
1351522170,10.492560000000,0.068550000000
1351522170,10.490000000000,133.997135710000
1351522206,10.513500000000,0.916725400000
1351522206,10.513510000000,0.786420990000
1351522219,10.490010000000,0.032934620000
1351522219,10.490000000000,13.167065380000
1351522400,10.500000000000,0.010000000000
1351522432,10.500000000000,42.000000000000
1351522549,10.500000000000,0.100000000000
1351522610,10.500000000000,0.100000000000
1351522853,10.490010000000,0.890788660000
1351522853,10.490000000000,0.109211340000
1351522889,10.499990000000,0.705596990000
1351522889,10.500000000000,9.294403010000
1351522965,10.500000000000,0.180000000000
1351523050,10.490010000000,0.705932660000
1351523050,10.490000000000,2.294067340000
1351523098,10.499990000000,0.100000000000
1351523107,10.499990000000,0.605597210000
1351523107,10.500000000000,8.538202790000
1351523121,10.500000000000,39.777394200000
1351523121,10.500000000000,2.882367670000
1351523190,10.500000000000,10.637632330000
1351523190,10.500000000000,10.000000000000
1351523190,10.513500000000,1.380000000000
1351523190,10.513510000000,6.958564860000
1351523244,10.513500000000,0.010000000000
1351523368,10.513500000000,3.155424890000
1351523368,10.513500000000,0.125075110000
1351523488,10.513500000000,0.010000000000
1351523571,10.500010000000,1.243442430000
1351523605,10.513500000000,14.267380980000
1351523656,10.500010000000,0.111471100000
1351523682,10.500010000000,2.523020420000
1351523682,10.500000000000,10.000000000000
1351523688,10.499990000000,0.710476470000
1351523688,10.500000000000,49.289523530000
1351523708,10.500000000000,0.100000000000
1351523717,10.500000000000,8.538899430000
1351523752,10.490010000000,0.705934060000
1351523752,10.490000000000,7.962229610000
1351523770,10.499990000000,0.100000000000
1351523796,10.499990000000,0.605598600000
1351523797,10.500000000000,2.466000000000
1351523810,10.500000000000,1.930076190000
1351523820,10.500000000000,4.761900000000
1351523829,10.500000000000,0.028571430000
1351523829,10.500000000000,2.015000000000
1351523831,10.500000000000,0.100000000000
1351523840,10.490010000000,0.705934110000
1351523840,10.490000000000,0.294065890000
1351523872,10.499990000000,0.705598730000
1351523873,10.500000000000,3.406000000000
1351523907,10.500000000000,9.849421900000
1351523969,10.490010000000,0.705934190000
1351523969,10.490000000000,1.104065810000
1351523998,10.499990000000,0.705598840000
1351523998,10.500000000000,4.991587100000
1351524014,10.510990000000,0.100000000000
1351524053,10.510000000000,7.139090390000
1351524074,10.510000000000,0.100000000000
1351524135,10.510000000000,0.100000000000
1351524196,10.510000000000,0.100000000000
1351524257,10.510000000000,0.049224110000
1351524287,10.510000000000,0.210397710000
1351524296,10.510000000000,2.301287790000
1351524344,10.511000000000,3.710000000000
1351524345,10.513500000000,1.540000000000
1351524401,10.510020000000,0.799354980000
1351524402,10.510010000000,0.200645020000
1351524428,10.510010000000,2.240000000000
1351524460,10.512890000000,0.058211430000
1351524460,10.512900000000,5.000000000000
1351524460,10.513500000000,6.828088570000
1351524467,10.513490000000,0.445828070000
1351524467,10.513500000000,0.554171930000
1351524471,10.513500000000,1.000000000000
1351524476,10.513500000000,2.000000000000
1351524477,10.513500000000,3.000000000000
1351524481,10.513500000000,5.000000000000
1351524491,10.513500000000,6.445592060000
1351524492,10.513510000000,1.554407940000
1351524501,10.513510000000,13.000000000000
1351524509,10.513510000000,1.422153020000
1351524512,10.513510000000,21.000000000000
1351524543,10.513510000000,16.000000000000
1351524560,10.513510000000,0.010000000000
1351524650,10.505010000000,0.062530490000
1351524650,10.505000000000,0.937469510000
1351524691,10.513500000000,0.063717170000
1351524691,10.513510000000,0.596935210000
1351524691,10.520000000000,0.019000000000
1351524691,10.520000000000,1.697182500000
1351524741,10.505020000000,0.023463410000
1351524839,10.505020000000,0.495346540000
1351524839,10.505000000000,4.504653460000
1351524860,10.519990000000,1.062351830000
1351524860,10.520000000000,3.302817500000
1351524860,10.540000000000,3.000000000000
1351524860,10.560000000000,1.927000000000
1351524860,10.560000000000,0.100000000000
1351524860,10.570000000000,0.100000000000
1351524861,10.573480000000,2.507830670000
1351524905,10.573470000000,9.000000000000
1351525034,10.570000000000,0.010000000000
1351525047,10.569990000000,0.047300000000
1351525093,10.505010000000,0.153430020000
1351525164,10.505010000000,10.175598030000
1351525164,10.505000000000,33.234401970000
1351525329,10.513500000000,1.608300000000
1351525329,10.505000000000,9.391700000000
1351525376,10.569990000000,3.212425370000
1351525403,10.569990000000,11.590597530000
1351525416,10.505010000000,0.016912510000
1351525416,10.505000000000,0.053280790000
1351525487,10.569890000000,14.822091100000
1351525487,10.569900000000,13.177908900000
1351525917,10.569900000000,10.501500000000
1351526091,10.569900000000,0.736940290000
1351526226,10.550000000000,0.036036220000
1351526226,10.569900000000,5.583650810000
1351526247,10.569910000000,1.150000000000
1351526252,10.569910000000,20.000000000000
1351526346,10.570000000000,0.990000000000
1351526346,10.570000000000,2.859739820000
1351526373,10.569910000000,8.000000000000
1351526376,10.570000000000,0.163260180000
1351526376,10.571110000000,18.001339820000
1351526390,10.571110000000,28.382200000000
1351526453,10.569910000000,0.099807250000
1351526456,10.571110000000,0.915160180000
1351526475,10.572190000000,0.556383970000
1351526515,10.571130000000,0.100000000000
1351526548,10.571130000000,0.056569150000
1351526548,10.571120000000,7.943430850000
1351526558,10.571120000000,6.560808970000
1351526627,10.512010000000,0.206620090000
1351526628,10.512010000000,0.050260180000
1351526705,10.512010000000,9.210792120000
1351526705,10.569980000000,85.447281830000
1351526723,10.569970000000,23.651900000000
1351526745,10.569970000000,0.794854810000
1351526745,10.569980000000,10.027864760000
1351526775,10.511020000000,1.000000000000
1351526790,10.511020000000,23.398805180000
1351526792,10.511000000000,0.090127480000
1351526803,10.511000000000,10.303220800000
1351526807,10.511000000000,9.606651720000
1351526807,10.505000000000,1.878494270000
1351526808,10.500000000000,44.302814060000
1351526808,10.500000000000,83.212039950000
1351526821,10.569980000000,0.100000000000
1351526901,10.500010000000,0.291267350000
1351526901,10.500000000000,0.708732650000
1351526955,10.500000000000,2.000000000000
1351527110,10.569970000000,34.198238350000
1351527110,10.569980000000,4.424853410000
1351527148,10.569980000000,18.141408240000
1351527148,10.501000000000,6.858591760000
1351527153,10.570000000000,0.010000000000
1351527330,10.540000000000,8.563273070000
1351527411,10.510010000000,0.218566470000
1351527417,10.540000000000,7.287286520000
1351527427,10.540000000000,0.028463000000
1351527429,10.540000000000,0.010000000000
1351527432,10.510010000000,0.046935630000
1351527484,10.540000000000,6.000000000000
1351527779,10.510100000000,9.550000000000
1351528467,10.539900000000,0.093595330000
1351528683,10.510120000000,1.200000000000
1351528706,10.539880000000,7.932934850000
1351528711,10.510120000000,0.098515670000
1351528840,10.510120000000,17.370000000000
1351528874,10.510120000000,0.033000000000
1351528892,10.539880000000,0.065200000000
1351528977,10.539880000000,9.001865150000
1351528977,10.539900000000,11.871215090000
1351529018,10.510120000000,0.100000000000
1351529112,10.539900000000,13.948508050000
1351529116,10.539900000000,0.722947760000
1351529186,10.539900000000,9.109194580000
1351529270,10.539900000000,14.574700000000
1351529277,10.530000000000,2.000000000000
1351529285,10.530020000000,6.000000000000
1351529292,10.530020000000,8.929060510000
1351529292,10.530010000000,6.198300000000
1351529333,10.530000000000,1.823570750000
1351529337,10.530000000000,0.933847440000
1351529337,10.530010000000,10.872639490000
1351529337,10.539900000000,33.750583970000
1351529356,10.539890000000,3.419756920000
1351529422,10.539900000000,15.929255220000
1351529423,10.540000000000,21.377789000000
1351529423,10.540000000000,0.506000000000
1351529423,10.549500000000,1.000000000000
1351529423,10.550000000000,1.000000000000
1351529423,10.550000000000,2.000000000000
1351529423,10.559500000000,1.000000000000
1351529423,10.560000000000,1.000000000000
1351529423,10.569500000000,1.000000000000
1351529423,10.569980000000,0.720304100000
1351529482,10.569970000000,18.797882270000
1351529482,10.569980000000,62.482617730000
1351529489,10.569980000000,21.799886090000
1351529494,10.569980000000,0.685700000000
1351529530,10.530010000000,25.107175890000
1351529530,10.530000000000,9.496676160000
1351529531,10.510110000000,43.599387650000
1351529555,10.569970000000,3.000000000000
1351529561,10.569970000000,4.541600000000
1351529580,10.569970000000,10.000000000000
1351529580,10.569970000000,1.109560380000
1351529588,10.569970000000,0.000039730000
1351529635,10.560000000000,10.366433500000
1351529672,10.560020000000,3.400950000000
1351529673,10.560020000000,3.184180000000
1351529752,10.569980000000,7.809897460000
1351529774,10.569980000000,0.000450330000
1351529825,10.569980000000,6.501144290000
1351529825,10.569980000000,15.068855710000
1351529959,10.569980000000,8.587639810000
1351529962,10.570000000000,6.990000000000
1351529962,10.570000000000,4.984413840000
1351529976,10.570000000000,0.500000000000
1351530065,10.570000000000,0.010000000000
1351530110,10.570000000000,4.505586160000
1351530110,10.570100000000,7.000000000000
1351530110,10.570110000000,7.000000000000
1351530110,10.570120000000,7.000000000000
1351530110,10.570130000000,7.000000000000
1351530110,10.570140000000,3.827076080000
1351530189,10.569990000000,6.192360190000
1351530415,10.510130000000,0.095079850000
1351530442,10.510130000000,0.004920150000
1351530539,10.522010000000,0.250000000000
1351530678,10.522010000000,31.876097040000
1351530793,10.522010000000,4.620990000000
1351530795,10.529990000000,0.538957320000
1351530795,10.530000000000,12.000000000000
1351530850,10.570130000000,11.350755410000
1351530850,10.570140000000,3.172923920000
1351530929,10.570140000000,52.500000000000
1351530943,10.570140000000,1.000000000000
1351530949,10.570150000000,7.000000000000
1351530949,10.570160000000,1.563273070000
1351531004,10.570160000000,0.715575730000
1351531031,10.570160000000,0.028381780000
1351531032,10.570140000000,1.000000000000
1351531039,10.570160000000,4.692769420000
1351531058,10.570170000000,0.396538040000
1351531105,10.570170000000,6.603461960000
1351531106,10.571000000000,7.000000000000
1351531106,10.571010000000,3.446527810000
1351531113,10.570140000000,47.303100000000
1351531169,10.570140000000,30.000000000000
1351531193,10.571010000000,3.553472190000
1351531193,10.571020000000,7.000000000000
1351531207,10.571030000000,0.010000000000
1351531233,10.571020000000,14.446527810000
1351531233,10.570140000000,32.852572190000
1351531294,10.571030000000,6.990000000000
1351531294,10.571040000000,2.010000000000
1351531352,10.571040000000,1.000000000000
1351531395,10.550010000000,11.831337940000
1351531395,10.550000000000,0.010000000000
1351531395,10.543230000000,5.496440000000
1351531395,10.530000000000,3.134892000000
1351531398,10.571030000000,11.721533550000
1351531398,10.571040000000,3.990000000000
1351531398,10.571050000000,3.208066450000
1351531557,10.530010000000,0.063406960000
1351531558,10.530000000000,0.936593040000
1351531667,10.571040000000,0.010485760000
1351531667,10.571050000000,3.791933550000
1351531669,10.571060000000,7.000000000000
1351531732,10.571070000000,1.307545970000
1351531735,10.571070000000,5.692454030000
1351531735,10.571080000000,5.024645970000
1351531736,10.571080000000,1.975354030000
1351531736,10.571090000000,7.000000000000
1351531736,10.571100000000,0.439191030000
1351531736,10.573000000000,9.503298020000
1351531776,10.573000000000,5.000000000000
1351531870,10.572000000000,1.000000000000
1351531887,10.571060000000,4.642521660000
1351531887,10.571050000000,2.357478340000
1351531909,10.571050000000,5.000000000000
1351531935,10.571050000000,0.191859840000
1351531935,10.571030000000,0.010000000000
1351531935,10.540000000000,2.998140160000
1351531937,10.540000000000,0.170000000000
1351532157,10.572000000000,1.000000000000
1351532171,10.572010000000,7.000000000000
1351532173,10.573000000000,14.470800000000
1351532176,10.572010000000,2.000000000000
1351532241,10.572990000000,0.026739560000
1351532248,10.574470000000,0.023237490000
1351532248,10.574480000000,2.762162510000
1351532251,10.573000000000,4.723260440000
1351532310,10.573000000000,3.000000000000
1351532339,10.573000000000,15.618100000000
1351532454,10.572000000000,2.724460830000
1351532482,10.572000000000,2.000000000000
1351532865,10.572000000000,18.889595150000
1351533084,10.572000000000,23.490039900000
1351533084,10.573000000000,26.509960100000
1351533216,10.573000000000,9.458000000000
1351533288,10.573000000000,16.660679460000
1351533288,10.574480000000,39.049679190000
1351533288,10.579000000000,10.000000000000
1351533288,10.580000000000,0.100000000000
1351533288,10.580000000000,3.700000000000
1351533288,10.589990000000,26.905489010000
1351533288,10.590000000000,20.675752340000
1351533303,10.589990000000,0.010000000000
1351533530,10.571030000000,0.010000000000
1351533530,10.571030000000,0.010000000000
1351533533,10.560000000000,0.100000000000
1351533534,10.543230000000,5.496440000000
1351533534,10.522010000000,3.867854900000
1351533534,10.511140000000,0.535705100000
1351533633,10.571010000000,24.927382390000
1351533633,10.571020000000,2.220000000000
1351533633,10.589990000000,40.452482170000
1351533634,10.590000000000,14.663476940000
1351533634,10.590000000000,0.100000000000
1351533634,10.590000000000,2.000000000000
1351533634,10.597000000000,46.003000000000
1351533634,10.598000000000,12.762245000000
1351533635,10.600000000000,0.100000000000
1351533635,10.600000000000,8.153495280000
1351533662,10.534460000000,1.000000000000
1351533676,10.599990000000,0.010000000000
1351533687,10.599990000000,0.010000000000
1351533881,10.599990000000,8.008964250000
1351533881,10.600000000000,1.846504720000
1351533881,10.600000000000,20.144531030000
1351533881,10.600000000000,0.000044900000
1351533894,10.600000000000,0.650000000000
1351533917,10.600000000000,10.000000000000
1351533931,10.600000000000,0.754700000000
1351533991,10.600000000000,14.150900000000
1351533996,10.590000000000,0.010000000000
1351534073,10.580000000000,0.010000000000
1351534111,10.570010000000,0.480000000000
1351534183,10.600000000000,0.010000000000
1351534215,10.580000000000,0.010000000000
1351534311,10.580000000000,0.390000000000
1351534311,10.600000000000,14.289824070000
1351534316,10.600000000000,0.114200000000
1351534372,10.608990000000,8.033931330000
1351534372,10.609000000000,1.109256290000
1351534404,10.609000000000,2.860800000000
1351534414,10.609000000000,6.029943710000
1351534414,10.610000000000,0.100000000000
1351534414,10.620000000000,0.100000000000
1351534440,10.610000000000,6.683000000000
1351534459,10.609990000000,0.236968830000
1351534459,10.610000000000,23.347000000000
1351534459,10.630000000000,0.100000000000
1351534459,10.639960000000,0.034430000000
1351534459,10.640000000000,0.100000000000
1351534459,10.644000000000,2.500000000000
1351534459,10.649000000000,2.000000000000
1351534460,10.649790000000,0.681601170000
1351534476,10.624820000000,0.423500000000
1351534555,10.570030000000,11.410000000000
1351534562,10.619990000000,8.490566040000
1351534628,10.619990000000,0.028248610000
1351534668,10.570030000000,0.400000000000
1351534684,10.619990000000,2.205538920000
1351534684,10.620000000000,1.000000000000
1351534684,10.639990000000,1.000000000000
1351534685,10.649790000000,1.210818830000
1351534685,10.650000000000,6.000000000000
1351534685,10.650000000000,3.040000000000
1351534685,10.650000000000,4.470000000000
1351534685,10.650000000000,0.100000000000
1351534685,10.659170000000,0.035820000000
1351534685,10.659540000000,0.013280000000
1351534685,10.660000000000,50.000000000000
1351534685,10.660000000000,0.100000000000
1351534685,10.669860000000,45.972500000000
1351534685,10.670860000000,0.032300000000
1351534685,10.679980000000,100.000200000000
1351534685,10.691240000000,0.040250000000
1351534685,10.692040000000,0.217210000000
1351534685,10.697960000000,12.761110000000
1351534686,10.700000000000,5.000000000000
1351534686,10.700000000000,1.988000000000
1351534686,10.700000000000,12.352455000000
1351534686,10.700000000000,5.000000000000
1351534686,10.700000000000,10.000000000000
1351534686,10.700000000000,10.000000000000
1351534686,10.704000000000,0.248750000000
1351534687,10.709990000000,0.500000010000
1351534687,10.712730000000,0.108480000000
1351534687,10.714040000000,0.023700000000
1351534687,10.719990000000,0.500000010000
1351534688,10.720000000000,0.010115100000
1351534689,10.720000000000,0.020006160000
1351534689,10.723000000000,50.000000000000
1351534689,10.723330000000,40.880000000000
1351534689,10.723410000000,0.040420000000
1351534689,10.724000000000,0.248750000000
1351534689,10.725430000000,0.250000000000
1351534689,10.726160000000,0.376030000000
1351534689,10.726700000000,0.157910000000
1351534689,10.728930000000,8.096355970000
1351534708,10.627520000000,2.000000000000
1351534740,10.627520000000,0.010000000000
1351534752,10.627390000000,1.530116510000
1351534752,10.627400000000,0.500000000000
1351534752,10.729930000000,0.223950000000
1351534752,10.729990000000,0.500000010000
1351534753,10.739480000000,0.660400000000
1351534753,10.739990000000,0.500000010000
1351534753,10.740000000000,0.100000000000
1351534753,10.740000000000,0.010110700000
1351534754,10.740000000000,0.011176720000
1351534754,10.743490000000,20.000000000000
1351534754,10.744000000000,0.248750000000
1351534754,10.747440000000,0.110050000000
1351534754,10.749000000000,2.000000000000
1351534754,10.749900000000,0.995294830000
1351534810,10.680050000000,2.000000000000
1351534913,10.743990000000,54.168133990000
1351534945,10.670020000000,52.700000000000
1351534954,10.670040000000,2.000000000000
1351534964,10.695100000000,11.931595690000
1351534964,10.744980000000,32.639452970000
1351534964,10.744990000000,0.482297550000
1351534964,10.745000000000,25.000000000000
1351534964,10.749900000000,9.004705170000
