1354002100,12.134710000000,13.959476820000
1354002213,12.134710000000,2.000000000000
1354002228,12.134710000000,2.000000000000
1354002228,12.134700000000,0.010000000000
1354002229,12.100010000000,1.000000000000
1354002229,12.100000000000,37.778438890000
1354002230,12.134710000000,0.010000000000
1354002286,12.134710000000,0.255230000000
1354002288,12.134710000000,3.000000000000
1354002310,12.134700000000,0.010000000000
1354002310,12.125000000000,37.208658960000
1354002509,12.120000000000,10.120400000000
1354002544,12.120000000000,2.660941040000
1354002546,12.134710000000,0.010000000000
1354002567,12.134710000000,88.628551120000
1354002570,12.186690000000,0.010000000000
1354002585,12.187690000000,0.010000000000
1354002596,12.187690000000,6.243809940000
1354002612,12.187680000000,0.010000000000
1354002653,12.100020000000,2.021632160000
1354002655,12.187670000000,0.010000000000
1354002668,12.187660000000,0.010000000000
1354002668,12.100020000000,1.991415840000
1354002670,12.187670000000,0.010000000000
1354002683,12.187660000000,0.010000000000
1354002683,12.100020000000,1.971401680000
1354002685,12.187670000000,0.010000000000
1354002695,12.187660000000,0.010000000000
1354002695,12.101020000000,1.951587670000
1354002697,12.187670000000,0.010000000000
1354002708,12.187660000000,0.010000000000
1354002708,12.101020000000,1.931971790000
1354002710,12.187670000000,0.010000000000
1354002719,12.187660000000,0.010000000000
1354002720,12.101020000000,1.912552070000
1354002721,12.187670000000,0.010000000000
1354002732,12.187660000000,0.010000000000
1354002733,12.101020000000,1.893326550000
1354002734,12.187670000000,0.010000000000
1354002934,12.187660000000,0.010000000000
1354002934,12.150000000000,5.000000000000
1354002935,12.101000000000,59.972200000000
1354002935,12.100000000000,103.784445590000
1354002936,12.187670000000,0.010000000000
1354002991,12.187660000000,0.010000000000
1354002991,12.102040000000,22.990000000000
1354002992,12.187670000000,0.010000000000
1354003116,12.187660000000,0.010000000000
1354003194,12.187650000000,0.100000000000
1354003195,12.187650000000,0.100000000000
1354003196,12.187650000000,0.100000000000
1354003197,12.187650000000,0.100000000000
1354003198,12.187650000000,0.100000000000
1354003199,12.187650000000,0.100000000000
1354003200,12.187650000000,0.100000000000
1354003204,12.187650000000,0.100000000000
1354003207,12.187650000000,0.100000000000
1354003208,12.187650000000,0.100000000000
1354003209,12.187650000000,0.100000000000
1354003210,12.187650000000,0.100000000000
1354003210,12.187650000000,0.100000000000
1354003211,12.187650000000,0.100000000000
1354003211,12.187650000000,0.100000000000
1354003213,12.187650000000,0.100000000000
1354003215,12.100020000000,1.884293290000
1354003215,12.187650000000,0.100000000000
1354003216,12.187650000000,0.100000000000
1354003217,12.187650000000,0.100000000000
1354003218,12.187650000000,0.100000000000
1354003220,12.187650000000,0.100000000000
1354003221,12.187650000000,0.100000000000
1354003223,12.187650000000,0.100000000000
1354003224,12.187650000000,0.100000000000
1354003226,12.187650000000,0.100000000000
1354003228,12.187650000000,0.100000000000
1354003271,12.187650000000,0.287500000000
1354003271,12.187670000000,0.900000000000
1354003272,12.199000000000,8.812500000000
1354003282,12.200000000000,0.010000000000
1354003288,12.200000000000,0.090000000000
1354003293,12.199990000000,0.010000000000
1354003320,12.198980000000,0.100000000000
1354003390,12.187310000000,0.025597590000
1354003393,12.198980000000,0.010000000000
1354003438,12.198970000000,0.010000000000
1354003469,12.187310000000,0.074402410000
1354003470,12.101020000000,51.655806580000
1354003471,12.197960000000,0.010000000000
1354003479,12.198980000000,0.010000000000
1354003568,12.198980000000,1.591545690000
1354004131,12.198970000000,0.010000000000
1354004131,12.100110000000,2.414486920000
1354004131,12.100020000000,2.120513080000
1354004133,12.198980000000,0.010000000000
1354004535,12.198980000000,2.600000000000
1354004596,12.198970000000,0.010000000000
1354004597,12.100020000000,1.120000000000
1354004598,12.198980000000,0.010000000000
1354004650,12.198970000000,0.010000000000
1354004735,12.196990000000,32.631000000000
1354004779,12.101090000000,1.865450350000
1354004780,12.196990000000,0.010000000000
1354004794,12.196980000000,0.010000000000
1354004794,12.101090000000,1.836795850000
1354004794,12.101090000000,0.100000000000
1354004805,12.196990000000,0.010000000000
1354004806,12.196980000000,0.010000000000
1354004806,12.101090000000,1.818327890000
1354004812,12.196990000000,0.010000000000
1354004817,12.196980000000,0.010000000000
1354004818,12.101090000000,1.800044610000
1354004819,12.196990000000,0.010000000000
1354004830,12.196980000000,0.010000000000
1354004830,12.101050000000,1.781944170000
1354004832,12.196990000000,0.010000000000
1354004843,12.196980000000,0.010000000000
1354004843,12.101070000000,1.764024720000
1354004845,12.196990000000,0.010000000000
1354004861,12.196980000000,0.010000000000
1354004861,12.101070000000,1.746284480000
1354004864,12.196990000000,0.010000000000
1354004909,12.197990000000,0.010000000000
1354004966,12.197980000000,0.010000000000
1354004966,12.150000000000,1.877900000000
1354004967,12.197990000000,0.010000000000
1354004981,12.197990000000,2.459016390000
1354005018,12.197980000000,0.010000000000
1354005385,12.150000000000,10.050000000000
1354005387,12.197970000000,0.010000000000
1354005563,12.197960000000,0.010000000000
1354005593,12.150000000000,0.060000000000
1354005594,12.150000000000,3.700000000000
1354005594,12.197950000000,0.010000000000
1354005805,12.197950000000,0.410500000000
1354005822,12.197940000000,0.010000000000
1354005883,12.150000000000,1.738721630000
1354005884,12.197930000000,0.010000000000
1354005911,12.197930000000,8.206000000000
1354005916,12.197920000000,0.010000000000
1354005937,12.150000000000,37.073378370000
1354005942,12.100050000000,12.980000000000
1354005944,12.149990000000,0.010000000000
1354005962,12.149990000000,35.216621630000
1354005962,12.149990000000,0.010983610000
1354005962,12.196930000000,31.526423450000
1354006004,12.196930000000,0.476303320000
1354006027,12.149980000000,0.010000000000
1354006059,12.149980000000,1.992053090000
1354006112,12.149980000000,12.997946910000
1354006112,12.179000000000,6.555070910000
1354006136,12.180000000000,0.010000000000
1354006214,12.179990000000,0.010000000000
1354006358,12.100100000000,1.721334420000
1354006360,12.160000000000,0.010000000000
1354006365,12.159990000000,0.010000000000
1354006365,12.100110000000,1.694121070000
1354006366,12.160000000000,0.010000000000
1354006381,12.159990000000,0.010000000000
1354006382,12.100110000000,1.677079860000
1354006383,12.160000000000,0.010000000000
1354006395,12.159990000000,0.010000000000
1354006418,12.100100000000,1.670109060000
1354006419,12.160000000000,0.010000000000
1354006423,12.159990000000,0.010000000000
1354006423,12.113000000000,1.643407970000
1354006426,12.160000000000,0.010000000000
1354006542,12.159990000000,0.010000000000
1354006543,12.120000000000,1.670000000000
1354006543,12.120000000000,1.050000000000
1354006544,12.160000000000,0.010000000000
1354006547,12.159990000000,0.010000000000
1354006547,12.120000000000,2.798160890000
1354006547,12.113000000000,20.191839110000
1354006550,12.160000000000,0.010000000000
1354006573,12.159990000000,0.010000000000
1354006573,12.113000000000,5.990000000000
1354006574,12.160000000000,0.010000000000
1354006600,12.160000000000,1.507900000000
1354007062,12.159990000000,0.010000000000
1354007112,12.150000000000,1.398000000000
1354007133,12.150000000000,0.001256790000
1354007165,12.104000000000,14.902400000000
1354007167,12.150000000000,0.010000000000
1354007171,12.149990000000,0.010000000000
1354007171,12.104000000000,0.064281140000
1354007180,12.150000000000,0.010000000000
1354007780,12.149990000000,0.010000000000
1354007780,12.111000000000,0.050000000000
1354007780,12.104000000000,0.120000000000
1354007781,12.150000000000,0.010000000000
1354007903,12.149990000000,0.010000000000
1354007904,12.104000000000,1.172418860000
1354007904,12.101800000000,20.797081140000
1354007905,12.101800000000,13.627618860000
1354007905,12.100050000000,7.020000000000
1354007905,12.100000000000,4.352381140000
1354007905,12.150000000000,0.010000000000
1354008038,12.150000000000,8.640000000000
1354008145,12.149990000000,0.010000000000
1354008179,12.100000000000,1.636873890000
1354008180,12.149970000000,0.010000000000
1354008195,12.149960000000,0.010000000000
1354008196,12.100000000000,1.610505150000
1354008197,12.149970000000,0.010000000000
1354008213,12.149960000000,0.010000000000
1354008213,12.100000000000,1.594300100000
1354008214,12.149970000000,0.010000000000
1354008224,12.149960000000,0.010000000000
1354008225,12.100000000000,1.578257100000
1354008226,12.149970000000,0.010000000000
1354008235,12.149960000000,0.010000000000
1354008235,12.100000000000,1.562374530000
1354008237,12.149970000000,0.010000000000
1354008249,12.149960000000,0.010000000000
1354008249,12.100000000000,1.546650780000
1354008251,12.149970000000,0.010000000000
1354008260,12.149960000000,0.010000000000
1354008260,12.100000000000,1.531084280000
1354008262,12.149970000000,0.010000000000
1354008321,12.149970000000,0.250000000000
1354008343,12.149970000000,0.250000000000
1354008447,12.149960000000,0.010000000000
1354008461,12.100000000000,1.525673430000
1354008463,12.149950000000,0.010000000000
1354008471,12.149940000000,0.010000000000
1354008491,12.100000000000,13.970000000000
1354008494,12.149970000000,0.010000000000
1354008504,12.149960000000,0.010000000000
1354008504,12.100000000000,135.980000000000
1354008505,12.149970000000,0.010000000000
1354008594,12.149970000000,2.469135800000
1354008635,12.149970000000,1.940864200000
1354008635,12.149970000000,5.000000000000
1354008635,12.149980000000,1.259135800000
1354008711,12.149960000000,0.010000000000
1354008711,12.100000000000,54.990000000000
1354008711,12.100000000000,1.670000000000
1354008711,12.100000000000,6.000000000000
1354008712,12.149980000000,0.010000000000
1354008731,12.149980000000,5.000000000000
1354009001,12.149980000000,5.000000000000
1354009091,12.149980000000,10.050000000000
1354009515,12.149980000000,25.898460250000
1354009515,12.149980000000,5.000000000000
1354009515,12.150000000000,18.800316870000
1354009531,12.149970000000,0.010000000000
1354009531,12.140000000000,1.000000000000
1354009531,12.130000000000,1.000000000000
1354009531,12.120000000000,0.040315040000
1354009532,12.150000000000,0.010000000000
1354009844,12.149990000000,0.010000000000
1354009852,12.120000000000,0.190000000000
1354009852,12.120000000000,0.769684960000
1354009853,12.119990000000,0.010000000000
1354009854,12.119990000000,0.010000000000
1354009932,12.110000000000,1.000000000000
1354009979,12.119990000000,0.010000000000
1354009987,12.119980000000,0.010000000000
1354010038,12.100000000000,1.030000000000
1354010039,12.110000000000,0.010000000000
1354010062,12.119990000000,0.010000000000
1354010119,12.119980000000,0.001457620000
1354010177,12.119990000000,0.303000000000
1354010182,12.119990000000,0.303000000000
1354010183,12.119980000000,0.008542380000
1354010183,12.100000000000,0.169792800000
1354010184,12.119990000000,0.010000000000
1354010221,12.119990000000,1.000000000000
1354010646,12.119990000000,2.000000000000
1354010692,12.119980000000,0.010000000000
1354010726,12.114000000000,6.454800000000
1354010728,12.119990000000,0.010000000000
1354010747,12.119990000000,0.000036300000
1354010770,12.119980000000,0.010000000000
1354010770,12.114010000000,0.015971360000
1354010772,12.119990000000,0.010000000000
1354010784,12.119990000000,12.870192130000
1354010810,12.119980000000,0.010000000000
1354010811,12.119970000000,0.009939790000
1354010811,12.119970000000,0.009880380000
1354010811,12.119970000000,0.009820980000
1354010812,12.119970000000,0.009762400000
1354010813,12.119970000000,0.009703810000
1354010814,12.119970000000,0.009645230000
1354010814,12.114010000000,14.714704750000
1354010815,12.119990000000,14.628787640000
1354010815,12.114010000000,0.005295250000
1354010816,12.119970000000,0.010000000000
1354010816,12.119970000000,0.010000000000
1354010817,12.119970000000,0.025141150000
1354010818,12.119970000000,0.007282320000
1354010855,12.119990000000,0.010000000000
1354010874,12.119990000000,2.000000000000
1354010884,12.119980000000,0.010000000000
1354010884,12.114010000000,14.505000000000
1354010885,12.119990000000,0.010000000000
1354011148,12.119980000000,0.010000000000
1354011198,12.114010000000,5.000000000000
1354011200,12.119970000000,0.010000000000
1354011247,12.119960000000,0.010000000000
1354011828,12.118000000000,0.340000000000
1354011829,12.115000000000,0.500000000000
1354011829,12.114010000000,0.578728640000
1354011829,12.110000000000,0.303000000000
1354011830,12.100000000000,58.438031840000
1354011831,12.118000000000,0.010000000000
1354011904,12.117990000000,0.010000000000
1354011904,12.100000000000,569.251190480000
1354011904,12.100000000000,0.250000000000
1354011904,12.100000000000,0.488809520000
1354011906,12.118000000000,0.010000000000
1354011908,12.118000000000,0.640000000000
1354011908,12.118000000000,0.018026120000
1354011913,12.119970000000,0.010000000000
1354011937,12.119970000000,4.377965600000
1354011939,12.119990000000,0.010000000000
1354012004,12.119990000000,15.530343670000
1354012030,12.119990000000,2.610893240000
1354012206,12.119990000000,6.580000000000
1354012213,12.119990000000,2.469135800000
1354012305,12.119990000000,0.046200000000
1354012399,12.119980000000,0.010000000000
1354012410,12.100000000000,0.511190480000
1354012413,12.099360000000,0.100000000000
1354012585,12.099350000000,0.694300000000
1354012652,12.090000000000,0.999500000000
1354012654,12.099350000000,0.010000000000
1354012753,12.099340000000,0.010000000000
1354013086,12.099340000000,0.300000000000
1354013201,12.090000000000,0.000500000000
1354013201,12.087490000000,0.100000000000
1354013201,12.084990000000,0.100000000000
1354013201,12.082490000000,0.015588890000
1354013202,12.099340000000,0.010000000000
1354013216,12.099340000000,2.640000000000
1354013265,12.099340000000,0.040000000000
1354013286,12.099350000000,1.755184780000
1354013302,12.099340000000,6.700200000000
1354013303,12.099350000000,37.505325850000
1354013305,12.099350000000,37.505325850000
1354013306,12.099350000000,37.505325850000
1354013341,12.099340000000,1.495104790000
1354013363,12.099340000000,1.480153750000
1354013381,12.099340000000,1.465352210000
1354013436,12.099340000000,1.450698690000
1354013451,12.099340000000,1.436191700000
1354013464,12.099340000000,1.421829780000
1354013480,12.099340000000,1.407611490000
1354013506,12.099340000000,1.393535370000
1354013520,12.099340000000,1.379600020000
1354013537,12.099340000000,1.365804020000
1354013552,12.099340000000,1.352145980000
1354013566,12.099340000000,1.338624520000
1354013579,12.099340000000,1.325238270000
1354013597,12.099340000000,1.311985890000
1354013613,12.099340000000,1.298866030000
1354013628,12.099340000000,1.285877370000
1354013644,12.099340000000,1.273018600000
1354013657,12.099340000000,1.260288410000
1354013669,12.099340000000,1.247685530000
1354013681,12.099340000000,1.235208670000
1354013695,12.099340000000,1.222856580000
1354013712,12.099340000000,1.210628020000
1354013724,12.099340000000,1.198521740000
1354013737,12.099340000000,1.186536520000
1354013751,12.099340000000,1.174671160000
1354013762,12.099340000000,1.162924440000
1354013778,12.099340000000,0.878840450000
1354013778,12.099330000000,0.010000000000
1354013804,12.099350000000,0.010000000000
1354013818,12.099350000000,20.000000000000
1354013890,12.099340000000,0.010000000000
1354013890,12.082490000000,0.084411110000
1354013890,12.080000000000,5.000000000000
1354013890,12.080000000000,1.000000000000
1354013890,12.079990000000,0.100000000000
1354013890,12.079360000000,0.100000000000
1354013890,12.077000000000,46.842200000000
1354013890,12.076860000000,0.100000000000
1354013891,12.074200000000,0.045950000000
1354013891,12.070000000000,1.000000000000
1354013891,12.067500000000,0.100000000000
1354013891,12.066660000000,9.415538890000
1354013893,12.099350000000,0.010000000000
1354013897,12.099340000000,0.010000000000
1354013909,12.099300000000,1.132406790000
1354013909,12.099350000000,8.867593210000
1354014023,12.066660000000,10.000000000000
1354014028,12.099350000000,0.010000000000
1354014052,12.099350000000,2.223768650000
1354014052,12.119900000000,28.000000000000
1354014052,12.119980000000,29.900000000000
1354014052,12.119990000000,38.788726260000
1354014053,12.120000000000,3.400000000000
1354014053,12.146880000000,12.527272020000
1354014055,12.147880000000,0.010000000000
1354014055,12.147880000000,0.010000000000
1354014081,12.147900000000,0.010000000000
1354014084,12.147900000000,0.010000000000
1354014101,12.147890000000,39.517100000000
1354014190,12.066660000000,0.024903510000
1354014192,12.147880000000,0.010000000000
1354014196,12.147870000000,0.010000000000
1354014762,12.147870000000,0.010000000000
1354014821,12.100000000000,2.603279330000
1354014821,12.066660000000,0.807995750000
1354014821,12.066010000000,0.040152450000
1354014821,12.066010000000,0.010038110000
1354014822,12.066000000000,59.991800000000
1354014822,12.065000000000,0.100000000000
1354014822,12.062500000000,0.100000000000
1354014822,12.060000000000,0.100000000000
1354014822,12.060000000000,1.000000000000
1354014822,12.057500000000,0.100000000000
1354014822,12.055000000000,0.100000000000
1354014822,12.052500000000,0.100000000000
1354014822,12.051920000000,0.097500000000
1354014822,12.050000000000,0.100000000000
1354014822,12.050000000000,2.000000000000
1354014822,12.050000000000,50.000000000000
1354014823,12.050000000000,20.000000000000
1354014823,12.050000000000,2.105258920000
1354014823,12.050000000000,0.250000000000
1354014823,12.050000000000,1.000000000000
1354014823,12.048600000000,41.256273750000
1354014823,12.047500000000,0.100000000000
1354014823,12.047010000000,0.100000000000
1354014823,12.046670000000,0.013770000000
1354014823,12.045000000000,0.100000000000
1354014823,12.044510000000,0.100000000000
1354014823,12.042500000000,0.100000000000
1354014823,12.042010000000,0.100000000000
1354014823,12.040000000000,1.000000000000
1354014823,12.039510000000,0.100000000000
1354014823,12.037980000000,0.052450000000
1354014823,12.037010000000,0.100000000000
1354014823,12.034510000000,0.100000000000
1354014823,12.032720000000,0.100032960000
1354014823,12.032010000000,0.100000000000
1354014823,12.030000000000,1.000000000000
1354014824,12.030000000000,1.000000000000
1354014824,12.020000000000,9.379697740000
1354014825,12.147870000000,0.010000000000
1354014845,12.147860000000,0.010000000000
1354014950,12.031030000000,0.090042320000
1354014956,12.031020000000,0.205071480000
1354014961,12.100200000000,0.010000000000
1354014962,12.100200000000,0.010000000000
1354015003,12.031230000000,0.010067120000
1354015005,12.100200000000,0.010000000000
1354015015,12.100190000000,0.010000000000
1354015033,12.025080000000,1.057900670000
1354015035,12.031200000000,0.010000000000
1354015066,12.031200000000,1.130682060000
1354015066,12.031200000000,1.130682060000
1354015066,12.100200000000,0.070000000000
1354015066,12.101200000000,0.100000000000
1354015066,12.102700000000,0.100000000000
1354015066,12.103700000000,0.100000000000
1354015066,12.105200000000,0.100000000000
1354015066,12.106200000000,0.100000000000
1354015066,12.107700000000,0.100000000000
1354015066,12.110200000000,0.100000000000
1354015067,12.112700000000,0.100000000000
1354015067,12.115200000000,0.100000000000
1354015067,12.117700000000,0.100000000000
1354015067,12.120200000000,0.100000000000
1354015067,12.121700000000,16.568635880000
1354015115,12.031200000000,0.400000000000
1354015130,12.031200000000,0.708068410000
1354015132,12.101190000000,0.010000000000
1354015784,12.101180000000,0.010000000000
1354015830,12.100000000000,2.469135800000
1354016063,12.036000000000,0.500000000000
1354016087,12.035990000000,1.580000000000
1354016091,12.035990000000,47.920000000000
1354016093,12.099000000000,0.010000000000
1354016110,12.100000000000,0.010000000000
1354016398,12.099990000000,0.010000000000
1354016398,12.098990000000,0.010000000000
1354016399,12.036000000000,1.980000000000
1354016399,12.036000000000,0.100000000000
1354016399,12.028730000000,0.081053580000
1354016400,12.022550000000,0.125000000000
1354016400,12.022550000000,9.693946420000
1354016400,12.100000000000,0.010000000000
1354016402,12.099990000000,0.010000000000
1354016402,12.028400000000,0.072950250000
1354016402,12.022550000000,0.027049750000
1354016403,12.022550000000,3.137000000000
1354016407,12.100000000000,0.010000000000
1354016439,12.100000000000,3.008888200000
1354016443,12.100000000000,25.067568050000
1354016452,12.100000000000,1.002962730000
1354016513,12.100000000000,12.190909090000
1354016607,12.099990000000,0.010000000000
1354016619,12.030000000000,50.000000000000
1354016638,12.022550000000,12.142003830000
1354016677,12.022540000000,1.031287730000
1354016703,12.022260000000,3.045794210000
1354016724,12.020000000000,30.620302260000
1354016724,12.020000000000,1.000000000000
1354016724,12.020000000000,5.145178030000
1354016756,12.014000000000,29.000000000000
1354016786,12.013900000000,3.600000000000
1354016788,12.013990000000,0.010000000000
1354016888,12.013990000000,9.990000000000
1354016888,12.029990000000,7.916496110000
1354016906,12.029990000000,0.010000000000
1354016920,12.013980000000,0.010000000000
1354016920,12.013900000000,0.174500000000
1354016921,12.029990000000,0.010000000000
1354017008,12.029990000000,0.125000000000
1354017069,12.029980000000,0.010000000000
1354017069,12.026410000000,0.065666120000
1354017070,12.013900000000,19.924333880000
1354017074,12.029990000000,0.010000000000
1354017104,12.029990000000,41.928503890000
1354017105,12.099000000000,0.010000000000
1354017115,12.100000000000,0.010000000000
1354017123,12.099990000000,0.010000000000
1354017425,12.025950000000,0.059101760000
1354017425,12.013920000000,3.940898240000
1354017427,12.100000000000,0.010000000000
1354017442,12.099990000000,0.010000000000
1354017507,12.013920000000,22.219101760000
1354017507,12.013900000000,66.301166120000
1354017507,12.010000000000,8.326400000000
1354017507,12.010000000000,20.013332120000
1354017509,12.100000000000,0.010000000000
1354017510,12.099990000000,0.010000000000
1354017668,12.025430000000,0.053193920000
1354017703,12.025400000000,1.043693810000
1354017705,12.090000000000,0.010000000000
1354017707,12.089990000000,0.010000000000
1354017717,12.025400000000,1.075918850000
1354017718,12.025410000000,0.924081150000
1354017718,12.025400000000,0.010000000000
1354017719,12.025400000000,0.010000000000
1354017732,12.025400000000,1.065618850000
1354017734,12.090000000000,0.010000000000
1354017743,12.089990000000,0.010000000000
1354017767,12.025400000000,1.054862660000
1354017773,12.090000000000,0.010000000000
1354017790,12.089990000000,0.010000000000
1354017790,12.025410000000,0.013381500000
1354017792,12.090000000000,0.010000000000
1354017810,12.089990000000,0.010000000000
1354017810,12.025410000000,0.931755840000
1354017810,12.015500000000,0.478244160000
1354017811,12.015500000000,1.000000000000
1354017812,12.090000000000,0.010000000000
1354017858,12.090000000000,4.950000000000
1354017858,12.099000000000,59.983100000000
1354017858,12.100000000000,0.066900000000
1354018261,12.100000000000,2.400000000000
1354018305,12.100000000000,5.200000000000
1354018322,12.100000000000,0.100000000000
1354018391,12.100000000000,5.773100000000
1354018803,12.100000000000,16.528900000000
1354018868,12.100000000000,1.570200000000
1354018962,12.089990000000,0.010000000000
1354018965,12.023360000000,0.047882810000
1354018996,12.016000000000,2.500000000000
1354019004,12.023350000000,0.010000000000
1354019034,12.088990000000,0.010000000000
1354019040,12.089990000000,0.010000000000
1354019045,12.089980000000,0.010000000000
1354019067,12.100000000000,0.010000000000
1354019072,12.099990000000,0.010000000000
1354019072,12.016000000000,3.438117190000
1354019073,12.100000000000,0.010000000000
1354019079,12.099990000000,0.010000000000
1354019177,12.022910000000,0.043096120000
1354019194,12.022900000000,2.956903880000
1354019198,12.099000000000,0.010000000000
1354019209,12.100000000000,0.010000000000
1354019218,12.099990000000,0.010000000000
1354019451,12.100000000000,2.469135800000
1354019701,12.022500000000,1.044314040000
1354019701,12.022500000000,1.044314040000
1354019701,12.099000000000,5.433592410000
1354019742,12.022500000000,1.023427760000
1354019742,12.100000000000,2.288974380000
1354019751,12.030000000000,1.000000000000
1354019823,12.097110000000,0.010000000000
1354019960,12.100000000000,0.010000000000
1354019969,12.099990000000,0.010000000000
1354020060,12.050000000000,2.000000000000
1354020060,12.022120000000,0.038789070000
1354020060,12.017020000000,59.983400000000
1354020060,12.016020000000,30.280000000000
1354020060,12.016000000000,16.521982810000
1354020060,12.015500000000,42.119887640000
1354020060,12.011000000000,59.912500000000
1354020060,12.010000000000,14.986667880000
1354020060,12.010000000000,20.000000000000
1354020060,12.010000000000,0.100000000000
1354020061,12.010000000000,1.000000000000
1354020061,12.010000000000,24.147198940000
1354020062,12.100000000000,0.010000000000
1354020078,12.099990000000,0.010000000000
1354020079,12.011040000000,0.010000000000
1354020081,12.100000000000,0.010000000000
1354020087,12.099990000000,0.010000000000
1354020091,12.010000000000,0.010000000000
1354020094,12.099000000000,0.010000000000
1354020210,12.099000000000,0.022158850000
1354020212,12.098990000000,0.010000000000
1354020238,12.010010000000,0.010044110000
1354020238,12.010000000000,7.989955890000
1354020241,12.098990000000,0.010000000000
1354020291,12.098980000000,0.010000000000
1354020441,12.098780000000,0.501481370000
1354020500,12.019850000000,0.034916750000
1354020645,12.019840000000,0.955083250000
1354020645,12.088670000000,4.063878310000
1354020802,12.096950000000,0.010000000000
1354020861,12.096940000000,0.010000000000
1354020861,12.019690000000,0.031425520000
1354020861,12.010010000000,0.010044110000
1354020861,12.010010000000,0.197280370000
1354020864,12.096950000000,0.010000000000
1354020874,12.096940000000,0.010000000000
1354020874,12.010010000000,0.238750000000
1354020875,12.096950000000,0.010000000000
1354020878,12.096940000000,0.010000000000
1354020886,12.010010000000,0.077686090000
1354020886,12.010010000000,0.030125700000
1354020886,12.010000000000,0.140938210000
1354020888,12.096940000000,0.010000000000
1354020899,12.096930000000,0.010000000000
1354020899,12.010010000000,0.010042450000
1354020899,12.010000000000,0.228707550000
1354020900,12.096940000000,0.010000000000
1354020926,12.096930000000,0.010000000000
1354020926,12.018920000000,0.028284750000
1354020926,12.010010000000,0.010042450000
1354020926,12.010000000000,0.099082030000
1354020927,12.096940000000,0.010000000000
1354020993,12.096930000000,0.010000000000
1354021083,12.010010000000,0.010042450000
1354021083,12.010000000000,0.952412250000
1354021084,12.096930000000,0.010000000000
1354021101,12.096930000000,1.980000000000
1354021101,12.096930000000,14.553100000000
1354021120,12.098990000000,0.010000000000
1354021138,12.098980000000,0.010000000000
1354021139,12.010050000000,2.607000000000
1354021139,12.010050000000,9.971900000000
1354021139,12.010050000000,2.045545180000
1354021139,12.010000000000,0.104454820000
1354021140,12.098990000000,0.010000000000
1354021140,12.098980000000,0.010000000000
1354021140,12.010000000000,0.318000000000
1354021147,12.098990000000,0.010000000000
1354021314,12.098980000000,0.010000000000
1354021314,12.018010000000,0.025458210000
1354021314,12.010010000000,0.010044110000
1354021314,12.010010000000,0.010044120000
1354021314,12.010000000000,0.193203560000
1354021316,12.098990000000,0.010000000000
1354021326,12.098980000000,0.010000000000
1354021326,12.010010000000,0.010044110000
1354021326,12.010000000000,0.228705890000
1354021327,12.098990000000,0.010000000000
1354021338,12.098980000000,0.010000000000
1354021338,12.010010000000,0.010044110000
1354021338,12.010000000000,0.228705890000
1354021343,12.098990000000,0.010000000000
1354021351,12.098980000000,0.010000000000
1354021391,12.010010000000,0.010044110000
1354021391,12.010000000000,0.014921380000
1354021393,12.024000000000,0.010000000000
1354021402,12.023990000000,0.010000000000
1354021403,12.010000000000,15.343713590000
1354021403,12.010000000000,1.000000000000
1354021404,12.005990000000,1.196335050000
1354021406,12.024000000000,0.010000000000
1354021513,12.023990000000,0.010000000000
1354021513,12.017040000000,0.022914210000
1354021513,12.005380000000,0.100000000000
1354021513,12.005370000000,0.100000000000
1354021513,12.004990000000,0.505000010000
1354021514,12.003200000000,0.100000000000
1354021514,12.002870000000,0.100000000000
1354021514,12.001870000000,0.065760000000
1354021514,12.001000000000,0.718000000000
1354021514,12.000370000000,0.100000000000
1354021514,12.000020000000,18.178325780000
1354021516,12.000020000000,0.400000000000
1354021517,12.024000000000,0.010000000000
1354021587,12.023990000000,0.010000000000
1354021632,12.001000000000,0.359000000000
1354021632,12.000000000000,9.641000000000
1354021633,12.024000000000,0.010000000000
1354021640,12.023990000000,0.010000000000
1354021716,12.001000000000,0.942830150000
1354021716,12.024000000000,0.198750000000
1354021716,12.044000000000,0.248750000000
1354021716,12.064000000000,0.248750000000
1354021716,12.081820000000,10.360919850000
1354021719,12.081810000000,0.010000000000
1354021720,12.081810000000,0.010000000000
1354021723,12.000020000000,29.590000000000
1354021723,12.000000000000,40.359000000000
1354021723,12.000000000000,3.000000000000
1354021723,12.000000000000,17.411000000000
1354021726,12.084000000000,0.010000000000
1354021810,12.083990000000,0.010000000000
1354021810,12.016030000000,0.020624530000
1354021842,12.010000000000,10.000000000000
1354021844,12.010000000000,29.890000000000
1354021913,12.001000000000,0.180000000000
1354021913,12.000000000000,61.725300000000
1354021913,12.000000000000,0.158553330000
1354021913,12.000000000000,0.200000000000
1354021914,12.000000000000,2.000000000000
1354021914,12.000000000000,30.000000000000
1354021914,12.000000000000,10.000000000000
1354021914,12.000000000000,0.100000000000
1354021914,12.000000000000,20.000000000000
1354021914,12.000000000000,10.000000000000
1354021914,12.000000000000,10.000000000000
1354021914,12.000000000000,0.135104160000
1354021914,12.000000000000,0.639235000000
1354021914,12.000000000000,71.421807510000
1354021915,12.010000000000,0.010000000000
1354021958,12.009990000000,0.010000000000
1354021959,12.000000000000,1.890000000000
1354021960,12.010000000000,0.010000000000
1354022070,12.009990000000,0.010000000000
1354022210,12.001000000000,3.509500000000
1354022210,12.000000000000,26.742573190000
1354022212,12.009980000000,0.010000000000
1354022264,12.009970000000,0.010000000000
1354022264,12.000000000000,4.651095840000
1354022266,12.009980000000,0.010000000000
1354022291,12.009970000000,0.010000000000
1354022369,12.000000000000,50.000000000000
1354022370,12.009960000000,0.010000000000
1354022377,12.009980000000,0.010000000000
1354022379,12.009970000000,0.010000000000
1354022379,12.000000000000,75.752665660000
1354022385,12.009980000000,0.010000000000
1354022482,12.009970000000,0.010000000000
1354022482,12.000000000000,269.541857800000
1354022487,12.000000000000,2.000000000000
1354022507,12.000000000000,32.803416660000
1354022520,12.000000000000,9.625802500000
1354022714,11.997870000000,0.100000000000
1354022790,11.995370000000,0.100000000000
1354022795,11.995200000000,0.010102480000
1354022796,11.995200000000,0.010337010000
1354022796,11.995190000000,0.505000010000
1354022796,11.992870000000,0.100000000000
1354022796,11.990370000000,0.100000000000
1354022796,11.989090000000,0.190710000000
1354022796,11.987870000000,0.083850500000
1354022799,11.995360000000,0.010000000000
1354022890,11.995350000000,0.010000000000
1354022938,11.987870000000,0.016149500000
1354022938,11.985390000000,0.505000010000
1354022938,11.985370000000,0.100000000000
1354022938,11.983700000000,0.117590000000
1354022938,11.982870000000,0.100000000000
1354022938,11.980370000000,0.100000000000
1354022939,11.977870000000,0.100000000000
1354022939,11.975600000000,0.010103690000
1354022941,11.975600000000,0.010341860000
1354022941,11.975590000000,0.505000010000
1354022941,11.975370000000,0.100000000000
1354022941,11.972870000000,0.100000000000
1354022941,11.972380000000,0.657250000000
1354022941,11.972260000000,0.578564930000
1354022946,11.995340000000,0.010000000000
1354022970,11.995330000000,0.010000000000
1354022970,11.972260000000,4.609001140000
1354022971,11.970370000000,0.100000000000
1354022971,11.970180000000,10.446304890000
1354022971,11.970000000000,5.000000000000
1354022971,11.969840000000,0.049690000000
1354022971,11.969280000000,1.009920000000
1354022971,11.967870000000,0.100000000000
1354022971,11.965970000000,0.425190000000
1354022971,11.965860000000,0.072040000000
1354022973,11.965790000000,0.505000010000
1354022973,11.965370000000,0.100000000000
1354022973,11.964000000000,10.000000000000
1354022973,11.961100000000,2.517853960000
1354022975,11.995340000000,0.010000000000
1354023076,11.995340000000,2.500000000000
1354023082,11.995340000000,57.791278170000
1354023082,11.995360000000,0.260000000000
1354023082,11.997860000000,0.304621830000
1354023092,11.997860000000,1.595378170000
1354023092,12.000000000000,7.500000000000
1354023093,12.000000000000,0.200000000000
1354023093,12.000000000000,2.000000000000
1354023093,12.009980000000,0.950000000000
1354023093,12.010000000000,10.147993330000
1354023153,12.010000000000,4.386521460000
1354023226,12.010000000000,37.883114720000
1354023227,11.995330000000,0.010000000000
1354023268,11.961100000000,10.000000000000
1354023270,11.995320000000,0.010000000000
1354023289,11.995310000000,0.010000000000
1354023297,11.961100000000,5.000000000000
1354023298,11.995300000000,0.010000000000
1354023305,11.995320000000,0.010000000000
1354023314,11.995310000000,0.010000000000
1354023315,11.961100000000,5.482146040000
1354023315,11.958240000000,0.013520000000
1354023315,11.956850000000,0.100000000000
1354023315,11.956850000000,0.100000000000
1354023315,11.956840000000,0.100000000000
1354023316,11.956000000000,0.010104700000
1354023316,11.956000000000,0.010346810000
1354023317,11.955990000000,0.505000010000
1354023317,11.955000000000,0.668882440000
1354023319,11.995320000000,0.010000000000
1354023340,11.995310000000,0.010000000000
1354023375,11.955000000000,15.259984700000
1354023377,11.995300000000,0.010000000000
1354023404,11.995290000000,0.010000000000
1354023404,11.955000000000,34.071132860000
1354023404,11.954350000000,0.100000000000
1354023405,11.954340000000,0.100000000000
1354023405,11.952010000000,86.346667100000
1354023407,11.995300000000,0.010000000000
1354023511,11.995290000000,0.010000000000
1354023787,11.952010000000,8.247380720000
1354023788,11.980000000000,0.010000000000
1354023803,11.979990000000,0.010000000000
1354023803,11.952010000000,30.636176670000
1354023832,11.952000000000,2.060000000000
1354023876,11.951850000000,0.047902560000
1354023878,11.952000000000,0.010000000000
1354023897,11.952000000000,3.216486560000
1354023897,11.980000000000,30.872099330000
1354024090,11.952100000000,0.300000000000
1354024090,11.951990000000,0.010000000000
1354024091,11.951850000000,0.052097440000
1354024091,11.951850000000,4.000000000000
1354024091,11.951010000000,0.090000000000
1354024091,11.950010000000,29.000000000000
1354024091,11.950010000000,508.000000000000
1354024091,11.950000000000,50.000000000000
1354024091,11.950000000000,2.452402510000
1354024091,11.950000000000,1.500000000000
1354024091,11.950000000000,0.100000000000
1354024091,11.950000000000,0.100000000000
1354024091,11.950000000000,0.100000000000
1354024091,11.950000000000,0.100000000000
1354024091,11.950000000000,0.100000000000
1354024091,11.950000000000,5.000000000000
1354024091,11.949350000000,0.100000000000
1354024093,11.946190000000,0.505000010000
1354024093,11.939320000000,0.100000000000
1354024093,11.938200000000,1.920000000000
1354024093,11.936820000000,0.100000000000
1354024093,11.936400000000,0.010103700000
1354024093,11.936400000000,0.010349380000
1354024093,11.936390000000,0.505000010000
1354024093,11.934320000000,0.100000000000
1354024093,11.931820000000,0.100000000000
1354024093,11.929970000000,0.080800000000
1354024094,11.929170000000,0.170800000000
1354024094,11.926590000000,0.505000010000
1354024094,11.926200000000,0.017990000000
1354024094,11.923310000000,0.237700000000
1354024094,11.920070000000,228.493233540000
1354024119,11.980000000000,0.010000000000
1354024119,11.980000000000,23.250000000000
1354024121,11.980000000000,0.010000000000
1354024129,11.979990000000,0.010000000000
1354024129,11.951990000000,0.932801850000
1354024131,11.980000000000,0.010000000000
1354024141,11.979990000000,0.010000000000
1354024141,11.951990000000,0.923373830000
1354024143,11.980000000000,0.010000000000
1354024155,11.979990000000,0.010000000000
1354024155,11.951990000000,0.914040090000
1354024156,11.980000000000,0.010000000000
1354024168,11.979990000000,0.010000000000
1354024168,11.951990000000,0.904799690000
1354024169,11.980000000000,0.010000000000
1354024172,11.979990000000,0.010000000000
1354024180,11.951990000000,0.905651690000
1354024182,11.979990000000,0.010000000000
1354024191,11.979980000000,0.010000000000
1354024191,11.951990000000,0.419332850000
1354024339,11.920070000000,348.100814000000
1354024340,11.920070000000,3.000000000000
1354024340,11.918440000000,0.344540920000
1354024340,11.916800000000,0.010105530000
1354024341,11.916800000000,0.010354620000
1354024341,11.916790000000,0.505000010000
1354024341,11.913630000000,0.010210000000
1354024341,11.913630000000,0.239580000000
1354024341,11.912000000000,6.354164700000
1354024342,11.911000000000,400.000000000000
1354024342,11.910000000000,20.000000000000
1354024342,11.910000000000,1.000000000000
1354024342,11.906990000000,0.505000010000
1354024342,11.904200000000,0.784834400000
1354024342,11.903300000000,29.000000000000
1354024342,11.903300000000,0.034457530000
1354024342,11.900000000000,10.524705880000
1354024342,11.900000000000,0.350000000000
1354024342,11.900000000000,7.731100000000
1354024342,11.900000000000,9.825929820000
1354024349,11.920100000000,0.010000000000
1354024353,11.920100000000,0.010000000000
1354024365,11.920090000000,0.010000000000
1354024391,11.912020000000,0.892101850000
1354024393,11.920080000000,0.010000000000
1354024416,11.920080000000,9.990000000000
1354024417,11.978990000000,0.010000000000
1354024427,11.979990000000,0.010000000000
1354024452,11.979990000000,0.970000000000
1354024452,11.979990000000,1.333800000000
1354024465,11.979980000000,0.010000000000
1354024482,11.979990000000,0.010000000000
1354024521,11.979990000000,1.850574200000
1354024521,11.980000000000,23.191163600000
1354024575,11.979980000000,0.010000000000
1354024575,11.979970000000,4.000000000000
1354024724,11.901000000000,100.000000000000
1354024725,11.960000000000,0.010000000000
1354024740,11.959990000000,0.010000000000
1354024745,11.901000000000,100.000000000000
1354024748,11.959980000000,0.010000000000
1354024749,11.959970000000,0.010000000000
1354024749,11.901000000000,99.990000000000
1354024753,11.959980000000,0.010000000000
1354024768,11.959970000000,0.010000000000
1354024865,11.901000000000,0.883180830000
1354024867,11.959970000000,0.010000000000
1354024881,11.959960000000,0.010000000000
1354024883,11.901000000000,0.864349020000
1354024887,11.959970000000,0.010000000000
1354024893,11.959960000000,0.010000000000
1354024893,11.901000000000,0.855605530000
1354024894,11.959960000000,0.010000000000
1354024894,11.959960000000,0.010000000000
1354024912,11.901000000000,0.856949480000
1354024919,11.959960000000,0.010000000000
1354024920,11.959950000000,0.010000000000
1354024920,11.901000000000,0.838379980000
1354024926,11.959960000000,0.010000000000
1354024939,11.959950000000,0.010000000000
1354024939,11.901000000000,0.829896180000
1354024941,11.959960000000,0.010000000000
1354024975,11.959950000000,0.010000000000
1354024991,11.901100000000,0.050662680000
1354024992,11.959940000000,0.010000000000
1354025026,11.959930000000,0.010000000000
1354025026,11.901110000000,26.015157830000
1354025027,11.959940000000,0.010000000000
1354025190,11.959940000000,6.622100000000
1354025235,11.959940000000,9.633158690000
1354025268,11.959930000000,0.010000000000
1354025305,11.901110000000,3.192695000000
1354025306,11.949900000000,0.010000000000
1354025320,11.959940000000,0.010000000000
1354025327,11.959930000000,0.010000000000
1354025371,11.959920000000,0.001122080000
1354025372,11.901110000000,12.987277920000
1354025373,11.959940000000,0.010000000000
1354025392,11.959930000000,0.010000000000
1354025452,11.901110000000,3.722822350000
1354025453,11.950900000000,0.010000000000
1354025615,11.950900000000,1.606740910000
1354025874,11.950900000000,1.353259090000
1354025874,11.950900000000,0.831497220000
1354025874,11.950900000000,0.831497220000
1354025876,11.959940000000,0.010000000000
1354025882,11.959930000000,0.010000000000
1354025882,11.950910000000,0.804867270000
1354025884,11.959940000000,0.010000000000
1354025892,11.959930000000,0.010000000000
1354025892,11.950910000000,0.796718600000
1354025894,11.959940000000,0.010000000000
1354025899,11.959930000000,0.010000000000
1354025899,11.950910000000,4.990000000000
1354025901,11.959940000000,0.010000000000
1354025903,11.959930000000,0.010000000000
1354025903,11.950910000000,0.788651420000
1354025907,11.959940000000,0.010000000000
1354025914,11.959930000000,0.010000000000
1354025914,11.950910000000,0.780664900000
1354025916,11.959940000000,0.010000000000
1354025926,11.959930000000,0.010000000000
1354025927,11.950910000000,0.772758250000
1354025928,11.959940000000,0.010000000000
1354025936,11.959930000000,0.010000000000
1354025936,11.950910000000,0.764930670000
1354025938,11.959940000000,0.010000000000
1354025950,11.959930000000,0.010000000000
1354025950,11.950910000000,0.757181360000
1354025952,11.959940000000,0.010000000000
1354026002,11.959940000000,36.527974000000
1354026090,11.959930000000,0.010000000000
1354026146,11.959000000000,1.605652640000
1354026194,11.950910000000,7.000000000000
1354026198,11.950000000000,100.000000000000
1354026199,11.950900000000,0.010000000000
1354026200,11.950890000000,0.010000000000
1354026200,11.950000000000,58.995800000000
1354026385,11.949990000000,2.677800000000
1354026566,11.949990000000,9.641179610000
1354026589,11.949990000000,5.000000000000
1354026598,11.921000000000,2.982000000000
1354026600,11.949990000000,0.010000000000
1354026690,11.949990000000,2.500000000000
1354026694,11.949990000000,0.160000000000
1354026826,11.949990000000,13.389100000000
1354026907,11.949990000000,7.616120390000
1354026907,11.950000000000,0.759509550000
1354026908,11.950900000000,9.610068690000
1354026908,11.950900000000,0.010000000000
1354026914,11.950890000000,0.010000000000
1354026914,11.950000000000,0.741914450000
1354026915,11.950900000000,0.010000000000
1354026925,11.950890000000,0.010000000000
1354026925,11.950000000000,0.734395310000
1354026927,11.950900000000,0.010000000000
1354026930,11.950900000000,83.349931310000
1354026933,11.959000000000,0.010000000000
1354026936,11.958990000000,0.010000000000
1354026936,11.950910000000,0.726951360000
1354026939,11.959000000000,0.010000000000
1354026948,11.958990000000,0.010000000000
1354026948,11.950000000000,0.719581840000
1354026950,11.959000000000,0.010000000000
1354026958,11.958990000000,0.010000000000
1354026959,11.950000000000,0.712286030000
1354026960,11.959000000000,0.010000000000
1354026989,11.959000000000,26.129211220000
1354026989,11.959940000000,37.076767310000
1354026989,11.959960000000,99.950000000000
1354026989,11.959970000000,99.970000000000
1354026989,11.959980000000,66.874021470000
1354027001,11.959980000000,33.095978530000
1354027001,11.960000000000,95.980000000000
1354027003,11.980000000000,0.010000000000
1354027033,11.980000000000,14.024833050000
1354027192,11.980000000000,8.571904020000
1354027192,11.989060000000,7.450841850000
1354027194,11.989060000000,12.510799340000
1354027195,11.990070000000,0.100000000000
1354027195,11.992570000000,0.100000000000
1354027195,11.995070000000,0.100000000000
1354027195,11.997570000000,0.100000000000
1354027195,12.000000000000,7.089200660000
1354027257,12.000000000000,7.910799340000
1354027257,12.000000000000,0.200019200000
1354027269,12.000070000000,0.010000000000
1354027295,12.000060000000,0.010000000000
1354027360,12.000050000000,10.000000000000
1354027360,12.000050000000,6.333300000000
1354027390,12.000050000000,20.468493880000
1354027403,12.000050000000,10.000000000000
1354027478,12.000000000000,1.011320750000
1354027505,12.000000000000,1.276467490000
1354027690,12.000000000000,9.712211760000
1354027693,12.000050000000,0.010000000000
1354027788,12.000050000000,10.287788240000
1354027888,12.000040000000,0.010000000000
1354027888,11.983150000000,0.018613050000
1354027888,11.950000000000,0.971386950000
1354027889,11.950000000000,149.000000000000
1354027890,11.950000000000,0.910000000000
1354027891,12.000040000000,0.010000000000
1354027891,11.950000000000,0.140000000000
1354027891,12.000050000000,0.010000000000
1354027951,12.000050000000,0.002244990000
1354027981,11.950000000000,0.715063160000
1354027982,12.000050000000,0.010000000000
1354028002,12.000040000000,0.010000000000
1354028002,11.950000000000,91.590000000000
1354028004,12.000050000000,0.010000000000
1354028074,12.000040000000,0.010000000000
1354028082,12.000030000000,7.200731990000
1354028144,12.000000000000,12.801333330000
1354028258,11.982470000000,0.016752720000
1354028258,11.950000000000,1.353247280000
1354028259,12.000000000000,0.010000000000
1354028299,12.000000000000,41.666736660000
1354028329,11.999990000000,0.010000000000
1354028402,11.981650000000,0.015078480000
1354028402,11.950000000000,7.474921520000
1354028404,12.000000000000,0.010000000000
1354028433,11.999990000000,0.010000000000
1354028467,11.950000000000,2.148890000000
1354028475,12.000000000000,0.010000000000
1354028488,12.000000000000,12.504600000000
1354028491,11.999990000000,0.010000000000
1354028491,11.950000000000,0.790000000000
1354028492,12.000000000000,0.010000000000
1354028515,11.999990000000,0.010000000000
1354028515,11.950000000000,0.099373610000
1354028517,12.000000000000,0.010000000000
1354028524,12.000000000000,17.525825830000
1354028591,11.999990000000,0.010000000000
1354028591,11.950000000000,0.038459840000
1354028593,12.000000000000,0.010000000000
1354028626,12.000000000000,0.040000000000
1354028767,12.000000000000,15.401504180000
1354028767,12.000030000000,4.598495820000
1354028790,11.999990000000,0.010000000000
1354028860,11.980690000000,0.013571670000
1354028892,11.950000000000,9.980000000000
1354028894,11.980680000000,0.010000000000
1354028987,11.980670000000,0.010000000000
1354029005,11.980660000000,0.120000000000
1354029009,11.980680000000,0.010000000000
1354029042,11.980680000000,3.265597610000
1354029060,11.980680000000,2.889128750000
1354029060,11.980680000000,3.000000000000
1354029061,11.980680000000,3.000000000000
1354029061,11.980680000000,0.690772660000
1354029061,11.980680000000,3.000000000000
1354029081,11.980680000000,41.733900000000
1354029083,11.980680000000,42.387029310000
1354029084,11.999980000000,0.010000000000
1354029144,11.999980000000,35.000000000000
1354029185,11.999970000000,0.010000000000
1354029185,11.990690000000,0.727083260000
1354029185,11.979910000000,0.012215280000
1354029185,11.950000000000,2.850701460000
1354029187,11.999980000000,0.010000000000
1354029269,11.999980000000,16.666700000000
1354029319,11.999970000000,0.010000000000
1354029332,11.999980000000,0.010000000000
1354029343,11.999970000000,0.010000000000
1354029343,11.978210000000,0.010995300000
1354029343,11.950000000000,26.979004700000
1354029344,11.999980000000,0.010000000000
1354029358,11.999980000000,5.056603770000
1354029374,11.999970000000,0.010000000000
1354029379,11.950000000000,4.650000000000
1354029379,11.950000000000,0.189492900000
1354029381,11.999960000000,0.010000000000
1354029403,11.999980000000,0.010000000000
1354029414,11.999970000000,0.010000000000
1354029428,11.999940000000,8.578000000000
1354029431,11.999980000000,0.010000000000
1354029535,11.999980000000,37.206696230000
1354029535,12.000030000000,2.797525500000
1354029565,11.999970000000,0.010000000000
1354029585,11.999950000000,1.842000000000
1354029638,11.950000000000,0.707912530000
1354029641,11.999940000000,0.010000000000
1354029653,11.999930000000,0.010000000000
1354029653,11.950000000000,0.690833410000
1354029654,11.999940000000,0.010000000000
1354029655,11.999930000000,0.010000000000
1354029689,11.950000000000,0.693825070000
1354029690,11.999920000000,0.010000000000
1354029701,11.999910000000,0.010000000000
1354029701,11.950000000000,0.676886820000
1354029703,11.999920000000,0.010000000000
1354029715,11.999910000000,0.010000000000
1354029715,11.950000000000,0.670017950000
1354029716,11.999920000000,0.010000000000
1354029719,11.999910000000,0.010000000000
1354029729,11.950000000000,0.673217780000
1354029730,11.999900000000,0.010000000000
1354029740,11.999890000000,0.010000000000
1354029741,11.950000000000,0.656485600000
1354029743,11.999900000000,0.010000000000
1354029744,11.999900000000,1.855267630000
1354029749,11.999920000000,0.010000000000
1354029754,11.999910000000,0.010000000000
1354029754,11.950000000000,0.649820740000
1354029756,11.999920000000,0.010000000000
1354029761,11.999910000000,0.010000000000
1354029765,11.950000000000,0.653222530000
1354029765,11.999890000000,0.058300000000
1354029767,11.999890000000,0.010000000000
1354029768,11.999890000000,0.023815170000
1354029777,11.999880000000,0.010000000000
1354029777,11.950000000000,0.636690310000
1354029779,11.999890000000,0.010000000000
1354029794,11.999880000000,0.010000000000
1354029794,11.950000000000,0.630223410000
1354029796,11.999890000000,0.010000000000
1354029807,11.999880000000,0.010000000000
1354029807,11.950000000000,0.623821170000
1354029808,11.999890000000,0.010000000000
1354029821,11.999880000000,0.010000000000
1354029821,11.950000000000,0.617482960000
1354029822,11.999890000000,0.010000000000
1354029850,11.999880000000,0.010000000000
1354029985,11.950000000000,1.702020850000
1354029985,11.950000000000,18.059280930000
1354029994,11.999870000000,0.010000000000
1354029995,11.999870000000,4.986549700000
1354030000,11.999920000000,0.010000000000
1354030003,11.999920000000,0.030000000000
1354030006,11.999940000000,0.010000000000
1354030038,11.999940000000,1.850000000000
1354030039,11.999960000000,0.010000000000
1354030048,11.999950000000,0.620000000000
1354030048,11.999950000000,0.010000000000
1354030053,11.999940000000,1.370000000000
1354030055,11.999960000000,0.010000000000
1354030064,11.999960000000,0.634542300000
1354030112,11.999960000000,0.097498300000
1354030114,12.000030000000,0.010000000000
1354030134,12.000030000000,16.239300000000
1354030178,12.000030000000,8.000813330000
1354030196,12.000030000000,1.000000000000
1354030204,12.000020000000,0.010000000000
1354030224,11.999970000000,0.000015000000
1354030226,11.999960000000,0.010000000000
1354030226,11.999960000000,0.010000000000
1354030279,11.999950000000,3.730000000000
1354030284,11.950000000000,0.621208130000
1354030286,11.999940000000,0.010000000000
1354030287,11.999940000000,2.475000000000
1354030305,11.999940000000,2.500000000000
1354030308,11.999930000000,0.010000000000
1354030317,11.950020000000,0.243186820000
1354030325,12.000030000000,0.010000000000
1354030338,12.000020000000,0.010000000000
1354030386,11.999000000000,6.508979600000
1354030386,12.000030000000,2.991306250000
1354030386,12.000070000000,0.090000000000
1354030387,12.002570000000,0.100000000000
1354030387,12.005070000000,0.100000000000
1354030387,12.007570000000,0.100000000000
1354030387,12.010070000000,0.100000000000
1354030387,12.012570000000,0.100000000000
1354030387,12.015070000000,0.100000000000
1354030387,12.017570000000,0.100000000000
1354030387,12.019070000000,29.666680530000
1354030395,12.020070000000,0.010000000000
1354030401,12.020070000000,0.090000000000
1354030401,12.021850000000,0.100000000000
1354030402,12.022010000000,0.100000000000
1354030402,12.022570000000,0.100000000000
1354030402,12.024350000000,0.100000000000
1354030402,12.049500000000,0.002000000000
1354030402,12.049990000000,0.100000000000
1354030402,12.052490000000,0.100000000000
1354030402,12.054200000000,15.239066050000
1354030406,12.054990000000,0.010000000000
1354030417,12.054980000000,0.010000000000
1354030503,11.999000000000,0.000012500000
1354030504,11.951000000000,0.318588650000
1354030507,12.054990000000,0.010000000000
1354030510,12.054980000000,0.010000000000
1354030580,12.053060000000,23.500200000000
1354030586,12.054970000000,0.010000000000
1354030587,12.054970000000,0.010000000000
1354030593,12.054990000000,0.010000000000
1354030598,12.054980000000,0.010000000000
1354030598,11.959180000000,3.000000000000
1354030600,12.054990000000,0.010000000000
1354030628,12.054990000000,0.060000000000
1354030628,12.054990000000,0.100000000000
1354030628,12.057490000000,0.100000000000
1354030628,12.068010000000,0.100000000000
1354030628,12.070510000000,0.100000000000
1354030628,12.073010000000,0.100000000000
1354030628,12.075510000000,0.100000000000
1354030629,12.077090000000,2.206521600000
1354030637,12.077220000000,0.010000000000
1354030645,12.078010000000,0.010000000000
1354030648,12.078010000000,0.090000000000
1354030648,12.080510000000,0.100000000000
1354030648,12.083010000000,0.100000000000
1354030648,12.084000000000,0.238750000000
1354030648,12.085510000000,0.100000000000
1354030648,12.090060000000,0.100000000000
1354030648,12.092560000000,0.100000000000
1354030648,12.095060000000,0.100000000000
1354030648,12.097560000000,0.100000000000
1354030648,12.099000000000,14.843001900000
1354030672,12.078000000000,0.010000000000
1354030675,12.098190000000,0.010000000000
1354030676,12.098190000000,0.010000000000
1354030772,12.095490000000,0.010000000000
1354030773,12.095490000000,0.010000000000
1354030781,12.099000000000,0.010000000000
1354030784,12.098990000000,0.010000000000
1354030805,12.099000000000,5.554756590000
1354030841,12.100000000000,0.010000000000
1354030860,12.099990000000,0.010000000000
1354030860,12.099000000000,0.009954540000
1354030861,12.099000000000,0.009909080000
1354030861,12.099000000000,0.009863620000
1354030862,12.099000000000,0.009818160000
1354030863,12.099000000000,0.009772700000
1354030864,12.099000000000,0.009728070000
1354030868,12.099000000000,0.009683440000
1354030878,12.099000000000,0.009638810000
1354030880,12.099000000000,0.009594180000
1354030881,12.099000000000,0.009550370000
1354030884,12.099000000000,0.009506570000
1354030885,12.099000000000,0.009462760000
1354030887,12.099000000000,0.009418960000
1354030888,12.099000000000,0.009375980000
1354030889,12.099000000000,0.009333000000
1354030890,12.099000000000,0.009290020000
1354030891,12.099000000000,0.009247040000
1354030892,12.099000000000,0.009204890000
1354030893,12.099000000000,0.009162740000
1354030894,12.099000000000,0.009120580000
1354030894,12.099000000000,0.009078430000
1354030895,12.099000000000,0.009036280000
1354030896,12.099000000000,0.008994950000
1354030896,12.099000000000,0.008953630000
1354030897,12.099000000000,0.008912300000
1354030898,12.099000000000,0.008870980000
1354030899,12.099000000000,0.008830480000
1354030900,12.099000000000,0.008789980000
1354030901,12.099000000000,0.008749480000
1354030901,12.099000000000,0.008708980000
1354030902,12.099000000000,0.008669310000
1354030903,12.099000000000,0.008629630000
1354030903,12.099000000000,0.008589960000
1354030904,12.099000000000,0.008550290000
1354030905,12.099000000000,0.008510620000
1354030906,12.099000000000,0.008471770000
1354030906,12.099000000000,0.008432920000
1354030910,12.099000000000,0.008394080000
1354030911,12.099000000000,0.008355230000
1354030912,12.099000000000,0.008316380000
1354030913,12.099000000000,0.008278370000
1354030914,12.099000000000,0.008240350000
1354030914,12.099000000000,0.008202330000
1354030915,12.099000000000,0.008164310000
1354030915,12.099000000000,0.008127110000
1354030916,12.099000000000,0.008089920000
1354030917,12.099000000000,0.008052730000
1354030917,12.099000000000,0.008015530000
1354030918,12.099000000000,0.007978340000
1354030918,12.099000000000,0.007941970000
1354030919,12.099000000000,0.007905610000
1354030920,12.099000000000,0.007869240000
1354030921,12.099000000000,0.007832870000
1354030922,12.099000000000,0.007796510000
1354030923,12.099000000000,0.007760970000
1354030924,12.099000000000,0.007725430000
1354030925,12.099000000000,0.007689890000
1354030926,12.099000000000,0.007654350000
1354030928,12.099000000000,0.007618810000
1354030931,12.099000000000,0.007584090000
1354030939,12.099000000000,0.007549380000
1354030941,12.099000000000,0.007514670000
1354030942,12.099000000000,0.007479950000
1354030943,12.099000000000,0.007445240000
1354030946,12.099000000000,0.007411350000
1354030947,12.099000000000,0.007377460000
1354030947,12.099000000000,0.007343580000
1354030948,12.099000000000,0.007309690000
1354030949,12.099000000000,0.007275800000
1354030950,12.099000000000,0.007242740000
1354030951,12.099000000000,0.007209680000
1354030952,12.099000000000,0.007176620000
1354030953,12.099000000000,0.007143560000
1354030954,12.099000000000,0.007110500000
1354030954,12.099000000000,0.007077440000
1354030955,12.099000000000,0.007045210000
1354030956,12.099000000000,0.007012970000
1354030957,12.099000000000,0.006980740000
1354030957,12.099000000000,0.006948500000
1354030959,12.099000000000,0.006916270000
1354030960,12.099000000000,0.006884860000
1354030961,12.099000000000,0.006853450000
1354030963,12.099000000000,0.006822050000
1354030963,12.099000000000,0.006790640000
1354030965,12.099000000000,0.006759230000
1354030966,12.099000000000,0.006727820000
1354030967,12.099000000000,0.006697240000
1354030967,12.099000000000,0.006666660000
1354030969,12.099000000000,0.006636080000
1354030969,12.099000000000,0.006605500000
1354030970,12.099000000000,0.006574920000
1354030971,12.099000000000,0.006544340000
1354030973,12.099000000000,0.006514580000
1354030974,12.099000000000,0.006484830000
1354030975,12.099000000000,0.006455070000
1354030976,12.099000000000,0.006425320000
1354030977,12.099000000000,0.006395560000
1354030978,12.099000000000,0.006365810000
1354030978,12.099000000000,0.006336880000
1354030979,12.099000000000,0.006307950000
1354030980,12.099000000000,0.006279030000
1354030980,12.099000000000,0.006250100000
1354030981,12.099000000000,0.006221170000
1354030982,12.099000000000,0.006192240000
1354030982,12.099000000000,0.006164140000
1354030983,12.099000000000,0.006136040000
1354030984,12.099000000000,0.006107940000
1354030984,12.099000000000,0.006079840000
1354030985,12.099000000000,0.006051730000
1354030985,12.099000000000,0.006023630000
1354030986,12.099000000000,0.005995530000
1354030987,12.099000000000,0.005968260000
1354030988,12.099000000000,0.005940980000
1354030988,12.099000000000,0.005913710000
1354030989,12.099000000000,0.005886430000
1354030990,12.099000000000,0.005859160000
1354030993,12.099000000000,0.005831880000
1354030995,12.099000000000,0.005805430000
1354030997,12.099000000000,0.005778980000
1354030999,12.099000000000,0.005752540000
1354031000,12.099000000000,0.005726090000
1354031001,12.099000000000,0.005699640000
1354031002,12.099000000000,0.005673190000
1354031003,12.099000000000,0.005646740000
1354031004,12.099000000000,0.005621120000
1354031005,12.099000000000,0.005595500000
1354031006,12.099000000000,0.005569880000
1354031007,12.099000000000,0.005544250000
1354031009,12.099000000000,0.005518630000
1354031010,12.099000000000,0.005493010000
1354031011,12.099000000000,0.005467390000
1354031012,12.099000000000,0.005442590000
1354031014,12.099000000000,0.005417800000
1354031015,12.099000000000,0.005393000000
1354031016,12.099000000000,0.005368210000
1354031017,12.099000000000,0.005343410000
1354031018,12.099000000000,0.005318620000
1354031019,12.099000000000,0.005293820000
1354031020,12.099000000000,0.005269850000
1354031021,12.099000000000,0.005245880000
1354031022,12.099000000000,0.005221910000
1354031024,12.099000000000,0.005197950000
1354031025,12.099000000000,0.005173980000
1354031026,12.099000000000,0.005150010000
1354031027,12.099000000000,0.005126040000
1354031027,12.099000000000,0.005102070000
1354031028,12.099000000000,0.005078930000
1354031029,12.099000000000,0.005055780000
1354031030,12.099000000000,0.005032640000
1354031031,12.099000000000,0.005009500000
1354031032,12.099000000000,0.004986360000
1354031033,12.099000000000,0.004963220000
1354031034,12.099000000000,0.004940070000
1354031035,12.099000000000,0.004917760000
1354031036,12.099000000000,0.004895440000
1354031037,12.099000000000,0.004873130000
1354031039,12.099000000000,0.004850810000
1354031039,12.099000000000,0.004828490000
1354031041,12.099000000000,0.004806180000
1354031041,12.099000000000,0.004783860000
1354031043,12.099000000000,0.004761550000
1354031047,12.099000000000,0.004739230000
1354031048,12.099000000000,0.004717740000
1354031049,12.099000000000,0.004696250000
1354031049,12.099000000000,0.004674760000
1354031051,12.099000000000,0.004653270000
1354031052,12.099000000000,0.004631780000
1354031052,12.099000000000,0.004610290000
1354031053,12.099000000000,0.004588800000
1354031053,12.011020000000,1.720100000000
1354031054,12.099000000000,0.004567310000
1354031055,12.099000000000,0.004546650000
1354031056,12.099000000000,0.010000000000
1354031056,12.099000000000,0.014479700000
1354031057,12.099000000000,0.014412760000
1354031058,12.099000000000,0.014346640000
1354031059,12.099000000000,0.014280510000
1354031060,12.099000000000,0.014215220000
1354031061,12.099000000000,0.014149920000
1354031061,12.099000000000,0.014084630000
1354031062,12.098990000000,0.010000000000
1354031063,12.096950000000,0.014022540000
1354031065,12.099000000000,0.010000000000
1354031065,12.099000000000,0.009953710000
1354031066,12.099000000000,0.009908250000
1354031066,12.099000000000,0.009862790000
1354031067,12.099000000000,0.009817340000
1354031067,12.099000000000,0.009771880000
1354031068,12.099000000000,0.009727250000
1354031068,12.099000000000,0.009682610000
1354031069,12.099000000000,0.009637980000
1354031070,12.099000000000,0.009593350000
1354031070,12.098990000000,0.010000000000
1354031070,12.096660000000,0.009551390000
1354031073,12.097840000000,0.010000000000
1354031073,12.097840000000,0.010000000000
1354031083,12.097330000000,0.010000000000
1354031083,12.097330000000,0.010000000000
1354031089,12.099000000000,0.010000000000
1354031089,12.099000000000,0.009953710000
1354031090,12.099000000000,0.009908250000
1354031090,12.099000000000,0.009862790000
1354031091,12.099000000000,0.009817340000
1354031092,12.099000000000,0.009771880000
1354031092,12.099000000000,0.009727250000
1354031093,12.099000000000,0.009682610000
1354031094,12.098990000000,0.010000000000
1354031094,12.096750000000,0.009639770000
1354031097,12.099000000000,0.010000000000
1354031097,12.099000000000,0.009953710000
1354031098,12.099000000000,0.009908250000
1354031098,12.099000000000,0.009862790000
1354031098,12.099000000000,0.009817340000
1354031099,12.099000000000,0.009771880000
1354031100,12.099000000000,0.009727250000
1354031101,12.099000000000,0.009682610000
1354031103,12.099000000000,0.009637980000
1354031104,12.099000000000,0.009593350000
1354031106,12.099000000000,0.009549540000
1354031108,12.099000000000,0.009505740000
1354031110,12.099000000000,0.009461930000
1354031110,12.099000000000,0.009418130000
1354031111,12.099000000000,0.009375150000
1354031112,12.099000000000,0.009332170000
1354031113,12.099000000000,0.009289190000
1354031113,12.099000000000,0.009246210000
1354031114,12.099000000000,0.009204060000
1354031114,12.099000000000,0.009161910000
1354031115,12.099000000000,0.009119760000
1354031115,12.099000000000,0.009077600000
1354031115,12.099000000000,0.009035450000
1354031116,12.099000000000,0.008994130000
1354031116,12.099000000000,0.008952800000
1354031117,12.099000000000,0.008911480000
1354031117,12.099000000000,0.008870150000
1354031118,12.099000000000,0.008829650000
1354031118,12.099000000000,0.008789150000
1354031119,12.099000000000,0.008748650000
1354031120,12.099000000000,0.008708150000
1354031120,12.099000000000,0.008668480000
1354031121,12.099000000000,0.008628810000
1354031122,12.099000000000,0.008589130000
1354031123,12.099000000000,0.008549460000
1354031123,12.099000000000,0.008509790000
1354031124,12.099000000000,0.008470940000
1354031124,12.099000000000,0.008432100000
1354031125,12.099000000000,0.008393250000
1354031126,12.099000000000,0.008354400000
1354031127,12.099000000000,0.008316380000
1354031128,12.099000000000,0.008278370000
1354031129,12.099000000000,0.008240350000
1354031130,12.099000000000,0.008202330000
1354031132,12.099000000000,0.008164310000
1354031133,12.099000000000,0.008127110000
1354031134,12.099000000000,0.008089920000
1354031135,12.099000000000,0.008052730000
1354031136,12.099000000000,0.008015530000
1354031136,12.099000000000,0.007978340000
1354031137,12.099000000000,0.007941970000
1354031138,12.099000000000,0.007905610000
1354031138,12.099000000000,0.007869240000
1354031139,12.099000000000,0.007832870000
1354031140,12.099000000000,0.007796510000
1354031141,12.099000000000,0.007760970000
1354031141,12.099000000000,0.007725430000
1354031143,12.099000000000,0.007689890000
1354031144,12.099000000000,0.007654350000
1354031144,12.099000000000,0.007618810000
1354031145,12.099000000000,0.007584090000
1354031146,12.099000000000,0.007549380000
1354031148,12.099000000000,0.007514670000
1354031149,12.099000000000,0.007479950000
1354031150,12.099000000000,0.007445240000
1354031151,12.099000000000,0.007411350000
1354031152,12.099000000000,0.007377460000
1354031153,12.099000000000,0.007343580000
1354031155,12.099000000000,0.007309690000
1354031156,12.099000000000,0.007275800000
1354031157,12.099000000000,0.007242740000
1354031157,12.099000000000,0.007209680000
1354031158,12.099000000000,0.007176620000
1354031158,12.099000000000,0.007143560000
1354031159,12.099000000000,0.007110500000
1354031159,12.099000000000,0.007077440000
1354031160,12.099000000000,0.007045210000
1354031161,12.099000000000,0.007012970000
1354031162,12.099000000000,0.006980740000
1354031162,12.099000000000,0.006948500000
1354031163,12.099000000000,0.006916270000
1354031164,12.099000000000,0.006884860000
1354031164,12.099000000000,0.006853450000
1354031165,12.099000000000,0.006822050000
1354031165,12.099000000000,0.006790640000
1354031166,12.099000000000,0.006759230000
1354031166,12.099000000000,0.006727820000
1354031167,12.099000000000,0.006697240000
1354031167,12.099000000000,0.006666660000
1354031168,12.099000000000,0.006636080000
1354031169,12.099000000000,0.006605500000
1354031169,12.099000000000,0.006574920000
1354031170,12.099000000000,0.006544340000
1354031171,12.099000000000,0.006514580000
1354031172,12.099000000000,0.006484830000
1354031172,12.099000000000,0.006455070000
1354031173,12.099000000000,0.006425320000
1354031175,12.099000000000,0.006395560000
1354031175,12.099000000000,0.006365810000
1354031176,12.099000000000,0.006336880000
1354031177,12.099000000000,0.006307950000
1354031178,12.099000000000,0.006279030000
1354031178,12.098990000000,0.010000000000
1354031179,12.098990000000,0.006250100000
1354031197,12.098990000000,0.977749900000
1354031197,12.099000000000,7.707175630000
1354031197,12.100000000000,19.723325950000
1354031198,12.100000000000,20.000000000000
1354031198,12.100060000000,0.100000000000
1354031199,12.100190000000,14.969917000000
1354031201,12.100000000000,0.100000000000
1354031204,12.100190000000,0.010000000000
1354031207,12.100180000000,0.010000000000
1354031207,12.100000000000,0.880984700000
1354031208,12.099900000000,0.090000000000
1354031208,12.100190000000,2.387300000000
1354031211,12.101190000000,0.010000000000
1354031212,12.101180000000,0.010000000000
1354031363,12.012050000000,29.480000000000
1354031363,12.012030000000,12.914125000000
1354031365,12.100000000000,0.010000000000
1354031436,12.099990000000,0.010000000000
1354031437,12.012000000000,0.481948550000
1354031438,12.100000000000,0.010000000000
1354031447,12.099990000000,0.010000000000
1354031464,12.100000000000,3.000000000000
1354031578,12.012000000000,30.275000000000
1354031580,12.100000000000,0.010000000000
1354031588,12.099990000000,0.010000000000
1354031621,12.099000000000,0.050000000000
1354031772,12.092020000000,0.010000000000
1354031773,12.092020000000,0.010000000000
1354031778,12.100000000000,0.010000000000
1354031779,12.099990000000,0.010000000000
1354031947,12.086200000000,1.588754110000
1354032014,12.086180000000,0.400000000000
1354032018,12.086200000000,0.010000000000
1354032029,12.086200000000,4.549206380000
1354032029,12.086200000000,5.989085080000
1354032029,12.100000000000,46.970000000000
1354032029,12.100000000000,6.324000000000
1354032029,12.101190000000,0.080000000000
1354032029,12.101260000000,0.025720000000
1354032030,12.102560000000,0.100000000000
1354032030,12.103690000000,0.100000000000
1354032030,12.104000000000,0.248750000000
1354032030,12.105060000000,0.100000000000
1354032030,12.106190000000,0.100000000000
1354032030,12.107370000000,0.065590000000
1354032030,12.108690000000,0.100000000000
1354032030,12.111190000000,0.100000000000
1354032030,12.113690000000,0.100000000000
1354032030,12.116190000000,0.100000000000
1354032030,12.118690000000,0.100000000000
1354032030,12.124000000000,0.248750000000
1354032030,12.124980000000,0.100000000000
1354032030,12.127480000000,0.100000000000
1354032030,12.129980000000,0.100000000000
1354032030,12.130280000000,13.621916390000
1354032195,12.086180000000,5.031000000000
1354032195,12.086180000000,1.719500000000
1354032196,12.125560000000,0.010000000000
1354032212,12.131280000000,0.010000000000
1354032231,12.131270000000,0.010000000000
1354032351,12.086180000000,0.298200000000
1354032353,12.090000000000,0.010000000000
1354032599,12.089990000000,0.010000000000
1354032599,12.086180000000,0.175843000000
1354032599,12.086180000000,0.236000000000
1354032604,12.090000000000,0.010000000000
1354032625,12.090000000000,2.149100000000
1354032627,12.090000000000,4.500000000000
1354032648,12.090000000000,151.400900000000
1354032648,12.131280000000,2.050000000000
1354032648,12.132480000000,0.100000000000
1354032648,12.134980000000,0.100000000000
1354032648,12.137480000000,0.100000000000
1354032648,12.137670000000,0.028620000000
1354032649,12.138000000000,9.783677000000
1354032649,12.138050000000,59.923000000000
1354032649,12.139050000000,0.029690000000
1354032649,12.139240000000,0.144620000000
1354032649,12.139440000000,44.864716600000
1354032650,12.144000000000,0.248750000000
1354032650,12.148000000000,0.100000000000
1354032650,12.149720000000,0.083830000000
1354032651,12.149900000000,92.000000000000
1354032651,12.149990000000,0.500000010000
1354032651,12.150000000000,400.000000000000
1354032652,12.150500000000,0.100000000000
1354032652,12.151240000000,0.033210000000
1354032652,12.153000000000,0.100000000000
1354032652,12.155500000000,0.100000000000
1354032652,12.156190000000,0.100000000000
1354032652,12.158000000000,0.100000000000
1354032652,12.158690000000,0.100000000000
1354032653,12.159990000000,0.500000010000
1354032661,12.160000000000,0.010025300000
1354032664,12.160000000000,0.010252700000
1354032664,12.160500000000,0.100000000000
1354032664,12.161190000000,0.100000000000
1354032664,12.163000000000,0.100000000000
1354032664,12.163260000000,0.400960000000
1354032664,12.163690000000,0.100000000000
1354032665,12.164000000000,0.248750000000
1354032665,12.165170000000,0.034457530000
1354032665,12.165500000000,0.100000000000
1354032665,12.166190000000,0.100000000000
1354032665,12.168690000000,0.044880000000
1354032665,12.169990000000,0.500000010000
1354032665,12.174190000000,0.028680000000
1354032665,12.175740000000,4.337240000000
1354032666,12.177540000000,0.020750000000
1354032666,12.179990000000,0.500000010000
1354032666,12.180000000000,0.010023500000
1354032666,12.180000000000,0.010247600000
1354032666,12.184000000000,0.248750000000
1354032666,12.184000000000,3.212000000000
1354032667,12.184290000000,0.013250000000
1354032667,12.185000000000,184.000000000000
1354032667,12.187460000000,0.095350000000
1354032667,12.189560000000,0.171720000000
1354032667,12.189990000000,0.500000010000
1354032668,12.197500000000,200.000000000000
1354032668,12.197970000000,37.028661730000
1354032668,12.199990000000,0.500000010000
1354032668,12.200000000000,2.900000000000
1354032668,12.200000000000,1.988000000000
1354032668,12.200000000000,0.010024500000
1354032668,12.200000000000,0.010244670000
1354032668,12.200000000000,8.419000000000
1354032669,12.204000000000,0.248750000000
1354032670,12.209990000000,0.500000010000
1354032670,12.210000000000,2.350000000000
1354032670,12.210820000000,0.034380000000
1354032670,12.216530000000,1.580000000000
1354032670,12.219990000000,0.500000010000
1354032671,12.220000000000,0.010023500000
1354032671,12.220000000000,0.010239770000
1354032671,12.222880000000,5.911588750000
1354032690,12.222880000000,4.319715970000
1354032723,12.223250000000,0.452550000000
1354032724,12.223880000000,0.016250000000
1354032724,12.227440000000,0.288460000000
1354032724,12.229800000000,9.872818850000
1354032744,12.222880000000,2.437688090000
1354032744,12.222900000000,0.195647870000
1354032744,12.222900000000,0.195647870000
1354032744,12.228800000000,1.606000000000
1354032744,12.229800000000,15.565016170000
1354032747,12.222900000000,0.010000000000
1354032748,12.222900000000,0.010000000000
1354032955,12.111600000000,0.060000000000
1354032956,12.215000000000,0.010000000000
1354033045,12.214990000000,0.010000000000
1354033046,12.214990000000,0.530000000000
1354033046,12.215000000000,49.990000000000
1354033047,12.219000000000,0.010000000000
1354033050,12.218990000000,0.010000000000
1354033050,12.215000000000,37.816162910000
1354033090,12.215000000000,0.072259150000
1354033091,12.215000000000,0.072259150000
1354033091,12.215000000000,0.160789790000
1354033203,12.114750000000,15.000000000000
1354033205,12.215000000000,0.010000000000
1354033219,12.215000000000,49.829210210000
1354033219,12.215000000000,0.028903660000
1354033219,12.215000000000,0.028903660000
1354033219,12.215000000000,0.028903660000
1354033231,12.218990000000,0.010000000000
1354033231,12.215010000000,9.838840000000
1354033234,12.219000000000,4.321589320000
1354033235,12.219000000000,0.010000000000
1354033240,12.218990000000,0.010000000000
1354033240,12.215010000000,10.985295140000
1354033257,12.117840000000,0.006219280000
1354033259,12.215010000000,0.004704860000
1354033265,12.219000000000,0.010000000000
1354033308,12.218990000000,0.010000000000
1354033461,12.218000000000,11.476723680000
1354033581,12.218000000000,13.523276320000
1354033581,12.218980000000,19.001196400000
1354033591,12.218980000000,30.988803600000
1354033591,12.219000000000,6.252959050000
1354033731,12.218000000000,25.000000000000
1354033731,12.218000000000,12.241762650000
1354033748,12.218000000000,37.758237350000
1354033748,12.219000000000,22.249985450000
1354033748,12.220000000000,3.991777200000
1354033841,12.218900000000,12.571999110000
1354033923,12.218900000000,2.428000890000
1354033924,12.219000000000,0.029001570000
1354033924,12.123870000000,2.370000000000
1354033925,12.219000000000,0.010000000000
1354033927,12.218990000000,0.010000000000
1354033934,12.218990000000,2.352890000000
1354033934,12.219000000000,36.647110000000
1354033984,12.219000000000,0.250000000000
1354034063,12.218000000000,1.268600000000
1354034084,12.218000000000,0.000020460000
1354034177,12.218000000000,7.770000000000
1354034264,12.200000000000,0.005421310000
1354034421,12.110720000000,0.410000000000
1354034423,12.200000000000,0.010000000000
1354034562,12.200000000000,1.573934420000
1354034593,12.199990000000,0.010000000000
1354034645,12.199980000000,1.300000000000
1354034646,12.200000000000,1.804640370000
1354034646,12.208980000000,0.408770000000
1354034646,12.208990000000,19.612610870000
1354034679,12.116920000000,19.696884180000
1354034680,12.116910000000,59.942000000000
1354034680,12.103500000000,150.361115820000
1354034682,12.208990000000,0.010000000000
1354034684,12.208980000000,0.010000000000
1354034688,12.208980000000,19.627793530000
1354034688,12.208990000000,5.961759050000
1354034689,12.208990000000,5.865972530000
1354034698,12.200000000000,3.900000000000
1354034749,12.117930000000,19.725988670000
1354034756,12.199000000000,0.010000000000
1354034756,12.198990000000,0.010000000000
1354034834,12.198970000000,12.783571850000
1354034839,12.198970000000,0.002474790000
1354034930,12.198970000000,6.870764060000
1354034930,12.198980000000,28.542035940000
1354034936,12.198980000000,15.740660280000
1354034974,12.109580000000,3.270000000000
1354034975,12.109580000000,0.405730590000
1354034975,12.109580000000,0.179500000000
1354034976,12.198980000000,0.010000000000
1354034977,12.198970000000,0.010000000000
1354035008,12.198970000000,3.833664900000
1354035008,12.198980000000,41.166335100000
1354035149,12.198970000000,10.000000000000
1354035149,12.198980000000,3.000300000000
1354035159,12.198980000000,1.000000000000
1354035174,12.109580000000,8.996601590000
1354035174,12.109580000000,10.761137870000
1354035188,12.109570000000,49.242260540000
1354035189,12.197970000000,31.464038680000
1354035200,12.104500000000,0.043872390000
1354035201,12.197960000000,0.010000000000
1354035208,12.197960000000,1.200000000000
1354035221,12.197960000000,0.165000000000
1354035226,12.197950000000,0.010000000000
1354035332,12.150000000000,0.500000000000
1354035333,12.160000000000,0.010000000000
1354035357,12.159990000000,0.010000000000
1354035357,12.150000000000,26.660493820000
1354035402,12.150000000000,3.177777770000
1354035410,12.150000000000,7.506954730000
1354035423,12.103510000000,0.923043170000
1354035425,12.150000000000,0.010000000000
1354035482,12.149990000000,0.010000000000
1354035482,12.103510000000,0.350000000000
1354035484,12.150000000000,0.010000000000
1354035503,12.149990000000,0.010000000000
1354035504,12.103510000000,0.090000000000
1354035505,12.150000000000,0.010000000000
1354035615,12.149990000000,0.010000000000
1354035782,12.140000000000,14.352500000000
1354035791,12.103510000000,0.028576000000
1354035791,12.103500000000,0.019962080000
1354035792,12.140000000000,0.010000000000
1354035792,12.139990000000,0.010000000000
1354035793,12.103500000000,32.990000000000
1354035799,12.140000000000,0.010000000000
1354035937,12.139990000000,0.010000000000
1354035994,12.139980000000,19.747947800000
1354035996,12.140000000000,0.010000000000
1354036093,12.140000000000,16.607990110000
1354036117,12.139990000000,10.252052200000
1354036117,12.139990000000,0.010000000000
1354036117,12.103500000000,9.737947800000
1354036119,12.140000000000,0.010000000000
1354036120,12.140000000000,11.862850080000
1354036144,12.140000000000,0.277574400000
1354036177,12.140000000000,4.032500000000
1354036186,12.140000000000,0.020000000000
1354036193,12.139990000000,0.010000000000
1354036223,12.139980000000,9.990000000000
1354036224,12.140000000000,0.010000000000
1354036236,12.139990000000,2.365900000000
1354036236,12.139990000000,0.010000000000
1354036259,12.140000000000,0.010000000000
1354036272,12.140000000000,0.050000000000
1354036306,12.140000000000,1.000000000000
1354036387,12.140000000000,11.726585410000
1354036390,12.149990000000,0.010000000000
1354036431,12.149990000000,7.906175230000
1354036454,12.149980000000,0.010000000000
1354036454,12.103500000000,6.890974300000
1354036454,12.100000000000,23.099025700000
1354036456,12.149990000000,0.010000000000
1354036616,12.149980000000,0.010000000000
1354036616,12.100000000000,19.990000000000
1354036618,12.149990000000,0.010000000000
1354036663,12.149980000000,0.010000000000
1354036669,12.149990000000,0.010000000000
1354036686,12.149980000000,0.010000000000
1354036803,12.149970000000,0.090000000000
1354036803,12.149990000000,1.490412740000
1354036816,12.100000000000,6.910974300000
1354036816,12.100000000000,4.089025700000
1354036821,12.149990000000,0.010000000000
1354036822,12.149980000000,0.010000000000
1354036840,12.100000000000,11.000000000000
1354036842,12.131000000000,0.010000000000
1354036851,12.130990000000,0.010000000000
1354036863,12.100000000000,11.000000000000
1354036864,12.130980000000,0.010000000000
1354036865,12.130970000000,0.010000000000
1354036883,12.100000000000,8.786974300000
1354036885,12.130970000000,0.010000000000
1354036890,12.130960000000,0.010000000000
1354037017,12.100000000000,2.777148760000
1354037038,12.080750000000,0.100000000000
1354037038,12.080400000000,0.100000000000
1354037038,12.080380000000,0.100000000000
1354037038,12.078250000000,0.100000000000
1354037038,12.077900000000,0.100000000000
1354037038,12.077880000000,0.100000000000
1354037038,12.075400000000,0.100000000000
1354037038,12.075380000000,0.100000000000
1354037038,12.072900000000,0.100000000000
1354037039,12.072880000000,0.100000000000
1354037039,12.070400000000,0.100000000000
1354037039,12.070380000000,0.100000000000
1354037039,12.067900000000,0.100000000000
1354037039,12.067880000000,0.100000000000
1354037039,12.065400000000,0.100000000000
1354037039,12.062900000000,0.100000000000
1354037039,12.060400000000,0.100000000000
1354037057,12.100000000000,0.010000000000
1354037065,12.099990000000,0.010000000000
1354037065,12.057900000000,0.100000000000
1354037065,12.055400000000,0.100000000000
1354037065,12.052900000000,0.100000000000
1354037065,12.050400000000,0.100000000000
1354037065,12.050000000000,33.590000000000
1354037068,12.100000000000,0.010000000000
1354037079,12.100000000000,5.979825540000
1354037080,12.129970000000,5.907608180000
1354037095,12.130970000000,0.010000000000
1354037099,12.130960000000,0.010000000000
1354037099,12.050000000000,4.283797670000
1354037100,12.130970000000,0.010000000000
1354037117,12.130970000000,15.828900000000
1354037182,12.130960000000,0.010000000000
1354037215,12.130980000000,0.010000000000
1354037290,12.130970000000,0.010000000000
1354037290,12.061000000000,4.027010190000
1354037290,12.051000000000,25.962989810000
1354037292,12.130980000000,0.010000000000
1354037322,12.130980000000,0.400200000000
1354037322,12.149990000000,0.553412030000
1354037322,12.150000000000,1.702609650000
1354037346,12.150000000000,4.994176570000
1354037365,12.150000000000,39.510288060000
1354037375,12.130990000000,0.303000000000
1354037377,12.130990000000,0.420000000000
1354037378,12.150000000000,0.010000000000
1354037381,12.149990000000,0.010000000000
1354037400,12.130990000000,0.277000000000
1354037400,12.051000000000,33.990110190000
1354037400,12.050000000000,12.126202330000
1354037400,12.047900000000,0.100000000000
1354037400,12.045400000000,0.100000000000
1354037400,12.042900000000,0.100000000000
1354037400,12.040400000000,0.100000000000
1354037400,12.037990000000,0.046180000000
1354037400,12.033500000000,0.954127220000
1354037400,12.030980000000,45.307954130000
1354037400,12.021770000000,5.000000000000
1354037400,12.021770000000,5.000000000000
1354037400,12.011000000000,2.898426130000
1354037405,12.149000000000,0.010000000000
1354037422,12.148990000000,0.010000000000
1354037440,12.050000000000,19.990000000000
1354037469,12.149000000000,1.222300000000
1354037470,12.149000000000,0.010000000000
1354037498,12.148990000000,0.010000000000
1354037541,12.148990000000,0.990000000000
1354037541,12.149000000000,1.507918400000
1354037547,12.149000000000,6.447123910000
1354037704,12.037980000000,0.046120000000
1354037704,12.012000000000,10.015356380000
1354037709,12.149000000000,0.010000000000
1354037711,12.148990000000,0.010000000000
1354037797,12.149000000000,1.248544140000
1354037880,12.012000000000,30.840000000000
1354037882,12.149000000000,0.010000000000
1354037892,12.148990000000,0.010000000000
1354037904,12.145350000000,0.010000000000
1354037905,12.145350000000,0.010000000000
1354037928,12.149000000000,0.010000000000
1354037933,12.148990000000,0.010000000000
1354037946,12.148970000000,9.483273060000
1354037949,12.145620000000,0.010000000000
1354037949,12.145620000000,0.010000000000
1354037965,12.149000000000,0.010000000000
1354037981,12.148990000000,0.010000000000
1354038041,12.149000000000,7.112437230000
1354038063,12.109000000000,23.398000000000
1354038121,12.109000000000,19.029200000000
1354038154,12.109000000000,7.928813270000
1354038216,12.012000000000,0.040000000000
1354038217,12.109000000000,0.010000000000
1354038240,12.108990000000,0.010000000000
1354038241,12.012000000000,8.290000000000
1354038242,12.109000000000,0.010000000000
1354038250,12.108990000000,0.010000000000
1354038251,12.012000000000,4.990000000000
1354038255,12.109000000000,0.010000000000
1354038261,12.108990000000,0.010000000000
1354038263,12.012000000000,7.310000000000
1354038265,12.105540000000,0.010000000000
1354038271,12.105530000000,0.010000000000
1354038272,12.012000000000,39.390500000000
1354038272,12.011000000000,19.768662890000
1354038272,12.007500000000,0.100000000000
1354038272,12.007500000000,0.100000000000
1354038272,12.006500000000,0.100000000000
1354038272,12.005000000000,0.100000000000
1354038272,12.004000000000,0.250000000000
1354038272,12.004000000000,0.100000000000
1354038272,12.002500000000,0.100000000000
1354038272,12.001870000000,0.052920000000
1354038272,12.001500000000,0.100000000000
1354038272,12.000000000000,0.100000000000
1354038275,12.000000000000,31.027917110000
1354038276,12.105540000000,1.980000000000
1354038276,12.109000000000,3.030672610000
1354038303,12.105540000000,0.010000000000
1354038303,12.105530000000,0.010000000000
1354038303,11.999880000000,3.700000000000
1354038303,11.999000000000,0.100000000000
1354038303,11.997500000000,0.100000000000
1354038303,11.995000000000,0.100000000000
1354038303,11.993350000000,2.534350000000
1354038303,11.989470000000,59.921900000000
1354038303,11.988470000000,0.100000000000
1354038303,11.987470000000,0.100000000000
1354038303,11.985720000000,0.910220000000
1354038303,11.984970000000,0.100000000000
1354038304,11.984000000000,0.250000000000
1354038304,11.983700000000,0.098050000000
1354038304,11.982470000000,0.100000000000
1354038304,11.979970000000,0.100000000000
1354038304,11.977470000000,0.100000000000
1354038304,11.976960000000,0.150520000000
1354038304,11.975600000000,0.010104090000
1354038305,11.975600000000,0.010342790000
1354038306,11.975590000000,0.505000010000
1354038306,11.971270000000,9.633178430000
1354038306,11.971060000000,0.191000000000
1354038306,11.969840000000,0.035070000000
1354038306,11.965870000000,0.059680000000
1354038307,11.965790000000,0.505000010000
1354038307,11.964270000000,0.094750000000
1354038307,11.964000000000,0.250000000000
1354038307,11.963040000000,0.100000000000
1354038307,11.960540000000,0.100000000000
1354038307,11.959370000000,0.302390000000
1354038307,11.958040000000,0.100000000000
1354038307,11.957500000000,0.100000000000
1354038307,11.957500000000,0.100000000000
1354038307,11.956000000000,0.010105300000
1354038307,11.956000000000,0.010347950000
1354038307,11.955990000000,0.505000010000
1354038307,11.955540000000,0.100000000000
1354038308,11.955000000000,0.100000000000
1354038308,11.955000000000,0.100000000000
1354038308,11.953040000000,0.100000000000
1354038308,11.952500000000,0.100000000000
1354038308,11.952500000000,0.100000000000
1354038308,11.952010000000,2.491000000000
1354038308,11.951010000000,10.000000000000
1354038308,11.950540000000,0.100000000000
1354038308,11.950000000000,0.100000000000
1354038308,11.950000000000,0.100000000000
1354038318,11.948040000000,0.100000000000
1354038318,11.946190000000,0.505000010000
1354038318,11.945540000000,0.100000000000
1354038318,11.944000000000,0.250000000000
1354038319,11.941680000000,0.122570000000
1354038319,11.941570000000,0.417500000000
1354038319,11.939630000000,0.010271390000
1354038319,11.936400000000,0.010353190000
1354038319,11.936400000000,0.010107740000
1354038319,11.936390000000,0.505000010000
1354038319,11.929970000000,0.066460000000
1354038319,11.926590000000,0.505000010000
1354038319,11.926200000000,0.017090000000
1354038319,11.921000000000,2.018000000000
1354038319,11.919660000000,0.010273820000
1354038319,11.916800000000,0.010358560000
1354038320,11.916800000000,0.010109770000
1354038320,11.916790000000,0.331905500000
1354038328,11.950000000000,15.501991410000
1354038364,11.986790000000,0.100000000000
1354038364,11.989290000000,0.100000000000
1354038364,11.991790000000,0.100000000000
1354038364,11.994000000000,0.100000000000
1354038365,11.994290000000,0.100000000000
1354038365,11.996500000000,0.100000000000
1354038365,11.999000000000,0.100000000000
1354038365,12.000000000000,0.100000000000
1354038385,12.000000000000,0.195000000000
1354038387,11.999000000000,0.010000000000
1354038387,11.998990000000,0.010000000000
1354038387,11.966500000000,0.080000000000
1354038388,12.000000000000,6.479282300000
1354038388,12.001500000000,0.100000000000
1354038389,12.004000000000,0.100000000000
1354038389,12.005500000000,5.099732820000
1354038392,12.005500000000,1.020000000000
1354038398,12.006500000000,0.010000000000
1354038407,12.006490000000,0.010000000000
1354038407,12.000000000000,0.195000000000
1354038407,12.000000000000,0.820623740000
1354038407,12.000000000000,0.137000000000
1354038407,12.000000000000,0.127000000000
1354038408,12.006500000000,0.010000000000
1354038429,12.006490000000,0.010000000000
1354038429,12.000000000000,0.010000000000
1354038430,12.000000000000,0.137000000000
1354038430,12.000000000000,0.034381660000
1354038432,12.006500000000,0.010000000000
1354038451,12.006500000000,0.070000000000
1354038451,12.009000000000,0.100000000000
1354038451,12.011500000000,0.100000000000
1354038451,12.014000000000,0.100000000000
1354038451,12.016500000000,0.100000000000
1354038451,12.018040000000,0.100000000000
1354038451,12.019000000000,0.100000000000
1354038451,12.020540000000,0.100000000000
1354038451,12.021500000000,0.100000000000
1354038451,12.023040000000,0.100000000000
1354038451,12.024000000000,0.100000000000
1354038451,12.025540000000,0.100000000000
1354038451,12.026500000000,0.100000000000
1354038451,12.028040000000,0.100000000000
1354038451,12.029000000000,0.100000000000
1354038451,12.031500000000,0.100000000000
1354038451,12.036500000000,0.100000000000
1354038452,12.036500000000,0.100000000000
1354038452,12.039000000000,0.100000000000
1354038452,12.039000000000,0.100000000000
1354038452,12.041500000000,0.100000000000
1354038452,12.041500000000,0.100000000000
1354038452,12.044000000000,0.100000000000
1354038452,12.070000000000,0.100000000000
1354038452,12.072500000000,0.100000000000
1354038453,12.126160000000,4.692120170000
1354038454,12.006490000000,0.010000000000
1354038454,12.000000000000,0.010000000000
1354038454,11.966500000000,0.020000000000
1354038454,11.964000000000,0.060000000000
1354038458,12.076490000000,0.010000000000
1354038459,12.076490000000,0.010000000000
1354038464,11.983660000000,0.100000000000
1354038471,12.076490000000,0.010000000000
1354038474,12.076490000000,0.010000000000
1354038555,12.076490000000,0.060000000000
1354038557,12.078990000000,0.010000000000
1354038562,12.078980000000,0.010000000000
1354038562,12.076490000000,10.620000000000
1354038564,12.078990000000,0.010000000000
1354038610,12.078980000000,0.010000000000
1354038643,12.076490000000,14.161700000000
1354038679,12.075100000000,0.100000000000
1354038710,12.011000000000,0.352000000000
1354038711,12.011000000000,0.084061600000
1354038713,12.075100000000,0.010000000000
1354038890,12.075100000000,21.153829780000
1354039245,12.075100000000,11.926609300000
1354039269,12.075100000000,26.741360920000
1354039269,12.076100000000,5.059639080000
1354039309,12.075090000000,0.010000000000
1354039340,12.011000000000,0.063938400000
1354039341,11.971000000000,2.064106380000
1354039342,12.075100000000,0.010000000000
1354039349,12.075100000000,10.336394720000
1354039351,12.075100000000,0.009964300000
1354039391,12.075090000000,0.010000000000
1354039392,11.971000000000,39.990000000000
1354039392,11.971000000000,0.020953660000
1354039393,12.075100000000,0.010000000000
1354039397,12.075090000000,0.010000000000
1354039571,11.971100000000,2.000000000000
1354039572,12.070000000000,0.010000000000
1354039686,12.070000000000,2.990000000000
1354039688,12.075100000000,0.010000000000
1354039734,12.075100000000,9.143700000000
1354039743,12.075100000000,0.000033950000
1354039758,12.075100000000,10.000000000000
1354039765,12.075090000000,0.010000000000
1354039765,12.070010000000,0.138615400000
1354039766,12.070010000000,0.500000000000
1354039766,12.070010000000,0.371384600000
1354039766,11.980000000000,0.298615400000
1354039768,12.075100000000,0.010000000000
1354039805,12.075100000000,0.597606100000
1354039965,12.075100000000,15.902145730000
1354039974,12.075100000000,0.061181270000
1354040031,12.075100000000,5.382978190000
1354040075,12.075100000000,8.437095740000
1354040075,12.076100000000,5.874204260000
1354040138,12.075100000000,0.112338610000
1354040173,12.075090000000,0.010000000000
1354040174,11.981000000000,1.461409380000
1354040178,12.075100000000,0.010000000000
1354040227,12.075100000000,15.902100000000
1354040254,12.075100000000,37.620501690000
1354040307,12.075090000000,0.010000000000
1354040309,11.981000000000,1.990000000000
1354040313,12.075100000000,0.010000000000
1354040341,12.075100000000,2.511558170000
1354040365,12.076100000000,0.010000000000
1354040397,12.076100000000,5.894456660000
1354040397,12.078970000000,14.260000000000
1354040397,12.078990000000,0.080000000000
1354040397,12.081490000000,0.100000000000
1354040397,12.083990000000,0.100000000000
1354040397,12.086480000000,3.410337000000
1354040436,12.086480000000,4.453174950000
1354040523,12.078000000000,11.923700000000
1354040525,12.078000000000,9.076300000000
1354040525,12.084470000000,0.462448910000
1354040531,12.084470000000,2.780717730000
1354040544,12.086480000000,0.010000000000
1354040559,12.086480000000,11.827398610000
1354040559,12.086490000000,0.100000000000
1354040559,12.087990000000,18.072601390000
1354040573,12.088990000000,0.010000000000
1354040703,12.088990000000,0.090000000000
1354040703,12.091490000000,0.100000000000
1354040703,12.093990000000,0.100000000000
1354040703,12.096490000000,0.100000000000
1354040703,12.098990000000,0.100000000000
1354040703,12.101490000000,0.100000000000
1354040703,12.103990000000,0.100000000000
1354040703,12.106490000000,0.100000000000
1354040703,12.108990000000,0.100000000000
1354040703,12.111490000000,0.100000000000
1354040703,12.113990000000,0.100000000000
1354040703,12.116490000000,0.100000000000
1354040703,12.118990000000,0.100000000000
1354040703,12.121490000000,0.100000000000
1354040703,12.123990000000,0.100000000000
1354040703,12.126490000000,0.100000000000
1354040703,12.128990000000,0.100000000000
1354040703,12.131490000000,0.100000000000
1354040703,12.133990000000,0.100000000000
1354040703,12.136490000000,0.100000000000
1354040703,12.144000000000,0.248750000000
1354040703,12.146090000000,0.100000000000
1354040703,12.146490000000,0.027882000000
1354040704,12.148540000000,0.100000000000
1354040704,12.148540000000,0.100000000000
1354040704,12.148540000000,0.100000000000
1354040704,12.148620000000,0.100000000000
1354040704,12.148620000000,0.100000000000
1354040704,12.148620000000,0.100000000000
1354040704,12.148990000000,0.100000000000
1354040704,12.148990000000,0.100000000000
1354040704,12.148990000000,0.100000000000
1354040704,12.149170000000,0.100000000000
1354040704,12.149170000000,0.100000000000
1354040704,12.149170000000,0.100000000000
1354040704,12.150000000000,0.100000000000
1354040704,12.150000000000,0.100000000000
1354040704,12.150000000000,0.100000000000
1354040704,12.150000000000,0.100000000000
1354040704,12.150000000000,10.000000000000
1354040704,12.160000000000,0.010029500000
1354040707,12.160000000000,0.010256210000
1354040707,12.163000000000,9.914734010000
1354040708,12.163000000000,15.275895740000
1354040719,12.164000000000,0.010000000000
1354040848,12.164000000000,0.238750000000
1354040848,12.169990000000,0.500000010000
1354040848,12.170000000000,24.192452750000
1354040849,12.170000000000,0.000023460000
1354040855,12.164000000000,10.655475990000
1354040856,12.163990000000,0.010000000000
1354040857,12.163900000000,0.010000000000
1354040857,12.163900000000,0.010000000000
1354040922,12.087990000000,1.010000000000
1354040924,12.163900000000,0.010000000000
1354041158,12.163900000000,2.510460250000
1354041209,12.163900000000,8.055000000000
1354041277,12.163890000000,0.010000000000
1354041297,12.131200000000,2.136861970000
1354041312,12.087990000000,1.058168470000
1354041313,12.078010000000,1.000000000000
1354041313,12.027500000000,0.100000000000
1354041313,12.025000000000,0.100000000000
1354041313,12.022500000000,0.100000000000
1354041313,12.021500000000,0.100000000000
1354041314,12.021010000000,7.041831530000
1354041318,12.131200000000,0.010000000000
1354041321,12.131190000000,0.010000000000
1354041325,12.021010000000,10.000000000000
1354041327,12.130200000000,0.010000000000
1354041334,12.130190000000,0.010000000000
1354041334,12.020010000000,9.490000000000
1354041336,12.130200000000,0.010000000000
1354041356,12.130190000000,0.010000000000
1354041356,12.020000000000,0.100000000000
1354041356,12.019000000000,0.100000000000
1354041356,12.016500000000,0.100000000000
1354041357,12.014000000000,0.100000000000
1354041357,12.012520000000,9.090000000000
1354041361,12.130200000000,0.010000000000
1354041364,12.130200000000,0.010000000000
1354041365,12.130190000000,0.010000000000
1354041507,12.013520000000,28.060000000000
1354041510,12.119090000000,0.010000000000
1354041513,12.119080000000,0.010000000000
1354041529,12.118070000000,9.042730000000
1354041530,12.118080000000,10.957270000000
1354041545,12.130200000000,0.010000000000
1354041574,12.130190000000,0.010000000000
1354041574,12.118080000000,0.100000000000
1354041574,12.017580000000,59.940300000000
1354041574,12.016590000000,19.780984450000
1354041575,12.011500000000,0.100000000000
1354041575,12.009000000000,0.100000000000
1354041575,12.006500000000,0.100000000000
1354041575,12.004000000000,0.100000000000
1354041575,12.003370000000,0.100000000000
1354041575,12.003370000000,0.100000000000
1354041575,12.003370000000,0.100000000000
1354041575,12.003370000000,0.100000000000
1354041575,12.003370000000,0.100000000000
1354041575,12.001650000000,0.100000000000
1354041575,12.001650000000,0.100000000000
1354041575,12.001650000000,0.100000000000
1354041575,12.001650000000,0.100000000000
1354041575,12.001650000000,0.100000000000
1354041575,12.001500000000,0.100000000000
1354041575,12.000000000000,3.649833330000
1354041575,12.000000000000,0.100000000000
1354041575,12.000000000000,0.100000000000
1354041575,12.000000000000,0.100000000000
1354041576,12.000000000000,0.100000000000
1354041576,12.000000000000,0.100000000000
1354041576,12.000000000000,21.690000000000
1354041576,11.999000000000,0.100000000000
1354041576,11.996500000000,0.100000000000
1354041576,11.994000000000,0.100000000000
1354041576,11.991500000000,0.100000000000
1354041576,11.989000000000,0.100000000000
1354041576,11.988700000000,0.100000000000
1354041576,11.987700000000,0.100000000000
1354041576,11.986500000000,0.100000000000
1354041576,11.986200000000,0.100000000000
1354041576,11.985200000000,0.100000000000
1354041576,11.984000000000,0.100000000000
1354041576,11.983700000000,0.100000000000
1354041577,11.982700000000,0.100000000000
1354041577,11.981500000000,0.100000000000
1354041577,11.981200000000,0.100000000000
1354041577,11.980200000000,0.100000000000
1354041580,11.980000000000,56.228882220000
1354041585,12.049000000000,0.010000000000
1354041586,12.049000000000,0.010000000000
1354041664,11.979000000000,0.100000000000
1354041664,11.976500000000,0.100000000000
1354041664,11.974000000000,0.100000000000
1354041666,11.972100000000,0.700000000000
