1325558858,5.069700000000,0.090100000000
1325558881,5.064780000000,0.046300000000
1325558882,5.050090000000,3.660000000000
1325558882,5.050010000000,9.281282400000
1325558882,5.045500000000,14.007154550000
1325559005,5.045500000000,20.992845450000
1325559005,5.045100000000,9.000000000000
1325559005,5.042010000000,19.959524990000
1325559005,5.040000000000,181.977629560000
1325559018,5.050000000000,10.240000000000
1325559026,5.050000000000,9.224000000000
1325559031,5.050000000000,8.302000000000
1325559039,5.050000000000,7.482000000000
1325559044,5.050000000000,6.738000000000
1325559045,5.050000000000,0.300000000000
1325559050,5.050000000000,6.068000000000
1325559055,5.050000000000,10.000000000000
1325559057,5.050000000000,5.464000000000
1325559057,5.050000000000,10.000000000000
1325559064,5.050000000000,4.918000000000
1325559065,5.050000000000,10.000000000000
1325559067,5.050000000000,10.000000000000
1325559067,5.050000000000,1.264000000000
1325559074,5.077520000000,4.524159000000
1325559145,5.050500000000,0.096400000000
1325559160,5.050490000000,3.147600000000
1325559211,5.050500000000,10.000000000000
1325559279,5.078790000000,1.000000000000
1325559283,5.078790000000,0.924566670000
1325559304,5.050510000000,1.061000000000
1325559304,5.050490000000,0.933000000000
1325559325,5.050500000000,2.000000000000
1325559336,5.078790000000,0.086300000000
1325559365,5.050490000000,2.214600000000
1325559368,5.050480000000,43.206400000000
1325559382,5.050480000000,4.012000000000
1325559388,5.050480000000,0.566500000000
1325559413,5.078700000000,0.019414410000
1325559545,5.050520000000,0.915800000000
1325559545,5.050500000000,5.000000000000
1325559545,5.050010000000,0.100000000000
1325559546,5.050010000000,5.000000000000
1325559546,5.050010000000,5.000000000000
1325559546,5.050000000000,50.382000000000
1325559546,5.050000000000,3.660000000000
1325559546,5.050000000000,3.660000000000
1325559546,5.050000000000,7.120000000000
1325559546,5.042500000000,100.500000000000
1325559546,5.042020000000,0.542899080000
1325559546,5.040000000000,208.733255950000
1325559546,5.040000000000,2.386044970000
1325559575,5.078790000000,0.085600000000
1325559635,5.075650000000,4.810000000000
1325559692,5.067300000000,0.552258590000
1325559760,5.053400000000,0.150721390000
1325559820,5.053390000000,0.092700000000
1325559823,5.048940000000,0.046700000000
1325559877,5.044490000000,4.751258220000
1325559908,5.041830000000,4.903471450000
1325559941,5.040000000000,7.613955030000
1325559942,5.040000000000,2.386044970000
1325559950,5.037920000000,0.032100000000
1325559950,5.037600000000,0.010000000000
1325559950,5.034620000000,0.016400000000
1325559950,5.033140000000,0.010470000000
1325559951,5.033000000000,41.846322020000
1325559951,5.033000000000,11.084707980000
1325559974,5.032530000000,3.817300000000
1325559998,5.032520000000,6.182700000000
1325559998,5.050000000000,100.000000000000
1325560007,5.031850000000,3.113930000000
1325560010,5.031840000000,3.886070000000
1325560019,5.031610000000,0.018090000000
1325560024,5.031600000000,5.331620210000
1325560051,5.050000000000,4.697665340000
1325560114,5.050000000000,4.091689030000
1325560173,5.050000000000,50.000000000000
1325560272,5.049900000000,1.040000000000
1325560272,5.050000000000,3.960000000000
1325560273,5.045000000000,2.984235000000
1325560275,5.045000000000,17.015765000000
1325560291,5.044990000000,0.093300000000
1325560317,5.040000000000,29.110000000000
1325560317,5.040000000000,0.396400000000
1325560323,5.040000000000,28.493600000000
1325560323,5.044990000000,21.506400000000
1325560335,5.044990000000,1.000000000000
1325560390,5.044990000000,6.100000000000
1325560429,5.044990000000,0.020000000000
1325560443,5.044990000000,3.369679620000
1325560531,5.044990000000,0.094500000000
1325560585,5.040000000000,0.841200000000
1325560588,5.044990000000,0.800355380000
1325560588,5.050000000000,0.020000000000
1325560588,5.068500000000,3.660000000000
1325560588,5.068510000000,0.030644620000
1325560618,5.040000000000,0.744500000000
1325560618,5.040000000000,1.255500000000
1325560664,5.044440000000,4.859000000000
1325560701,5.068500000000,3.660000000000
1325560701,5.068510000000,1.340000000000
1325560769,5.068510000000,0.084800000000
1325560830,5.064340000000,0.497323570000
1325560857,5.044440000000,7.579661960000
1325560859,5.044430000000,0.628656110000
1325560871,5.044430000000,10.860000000000
1325560915,5.043170000000,0.129325630000
1325560934,5.040000000000,8.744500000000
1325560954,5.039990000000,61.673903880000
1325560954,5.068510000000,10.261525550000
1325560954,5.070000000000,5.000000000000
1325560954,5.073000000000,3.064570570000
1325561008,5.069660000000,0.084200000000
1325561054,5.036100000000,1.080000000000
1325561206,5.036020000000,0.980000000000
1325561248,5.050000000000,0.090200000000
1325561314,5.036020000000,4.096371460000
1325561346,5.034510000000,0.050000000000
1325561375,5.036010000000,2.000000000000
1325561445,5.036010000000,0.203628540000
1325561485,5.050000000000,0.089900000000
1325561536,5.036020000000,0.334000000000
1325561578,5.036020000000,4.462371460000
1325561578,5.033000000000,0.099100000000
1325561578,5.033000000000,0.456137490000
1325561578,5.033000000000,2.000000000000
1325561578,5.032600000000,119.185007740000
1325561578,5.032520000000,10.000000000000
1325561578,5.032510000000,43.280751650000
1325561578,5.032500000000,88.077600000000
1325561578,5.031000000000,48.348011120000
1325561578,5.030800000000,0.412107410000
1325561578,5.030750000000,3.509650360000
1325561578,5.030700000000,490.201360000000
1325561578,5.030290000000,0.904831800000
1325561579,5.030000000000,20.067570000000
1325561579,5.030000000000,6.000000000000
1325561579,5.030000000000,18.326000000000
1325561579,5.030000000000,68.680000000000
1325561579,5.030000000000,1.000000000000
1325561579,5.030000000000,0.010000000000
1325561579,5.029840000000,0.087430000000
1325561579,5.029410000000,0.020992490000
1325561579,5.029410000000,0.014057950000
1325561579,5.027960000000,2.824196820000
1325561579,5.027600000000,0.010000000000
1325561579,5.027600000000,0.010000000000
1325561579,5.027600000000,0.010000000000
1325561580,5.027600000000,0.010000000000
1325561580,5.027600000000,0.010000000000
1325561580,5.027600000000,0.010000000000
1325561580,5.027600000000,0.010000000000
1325561580,5.027600000000,0.010000000000
1325561580,5.027600000000,0.010000000000
1325561580,5.027600000000,0.010000000000
1325561580,5.027600000000,0.010000000000
1325561580,5.027600000000,0.010000000000
1325561580,5.027600000000,0.010000000000
1325561580,5.027600000000,0.010000000000
1325561580,5.027600000000,0.010000000000
1325561580,5.027600000000,0.010000000000
1325561580,5.027600000000,0.010000000000
1325561580,5.027600000000,0.010000000000
1325561580,5.027600000000,0.010000000000
1325561580,5.027600000000,0.010000000000
1325561580,5.027600000000,0.010000000000
1325561580,5.027600000000,0.010000000000
1325561580,5.027600000000,0.010000000000
1325561580,5.027600000000,0.010000000000
1325561580,5.027600000000,0.010000000000
1325561580,5.027600000000,0.010000000000
1325561580,5.027600000000,0.010000000000
1325561580,5.027600000000,0.010000000000
1325561580,5.027600000000,0.010000000000
1325561580,5.027600000000,0.010000000000
1325561580,5.027600000000,0.010000000000
1325561581,5.027600000000,0.010000000000
1325561581,5.027600000000,0.010000000000
1325561581,5.027600000000,0.010000000000
1325561581,5.027600000000,0.010000000000
1325561581,5.027600000000,0.010000000000
1325561581,5.027600000000,0.010000000000
1325561581,5.027600000000,0.010000000000
1325561581,5.027600000000,0.010000000000
1325561581,5.027600000000,0.010000000000
1325561581,5.027600000000,0.010000000000
1325561581,5.027600000000,0.010000000000
1325561581,5.027600000000,0.010000000000
1325561581,5.027600000000,0.010000000000
1325561581,5.027600000000,0.010000000000
1325561581,5.027600000000,0.010000000000
1325561581,5.027600000000,0.010000000000
1325561581,5.027600000000,0.010000000000
1325561581,5.027600000000,0.010000000000
1325561581,5.027600000000,0.010000000000
1325561581,5.027600000000,0.010000000000
1325561581,5.027600000000,0.010000000000
1325561581,5.027600000000,0.010000000000
1325561581,5.027600000000,0.010000000000
1325561581,5.027600000000,0.010000000000
1325561581,5.027600000000,0.010000000000
1325561581,5.027600000000,0.010000000000
1325561581,5.027600000000,0.010000000000
1325561581,5.027600000000,0.010000000000
1325561581,5.027600000000,0.010000000000
1325561581,5.027600000000,0.010000000000
1325561582,5.027600000000,0.010000000000
1325561582,5.027600000000,0.010000000000
1325561582,5.027600000000,0.010000000000
1325561582,5.027600000000,0.010000000000
1325561582,5.027600000000,0.010000000000
1325561582,5.027600000000,0.010000000000
1325561582,5.027600000000,0.010000000000
1325561582,5.027600000000,0.010000000000
1325561582,5.027600000000,0.010000000000
1325561582,5.027600000000,0.010000000000
1325561582,5.027600000000,0.010000000000
1325561582,5.027600000000,0.010000000000
1325561582,5.027600000000,0.010000000000
1325561582,5.027600000000,0.010000000000
1325561582,5.027600000000,0.010000000000
1325561582,5.027600000000,0.010000000000
1325561582,5.027600000000,0.010000000000
1325561582,5.027600000000,0.010000000000
1325561582,5.027600000000,0.010000000000
1325561582,5.027600000000,0.010000000000
1325561582,5.027400000000,0.396194140000
1325561582,5.027140000000,0.014440000000
1325561582,5.026970000000,0.030030000000
1325561582,5.025070000000,6.104142250000
1325561582,5.025000000000,128.968460000000
1325561582,5.025000000000,5.000000000000
1325561582,5.025000000000,22.000000000000
1325561583,5.025000000000,1.031700000000
1325561583,5.022000000000,5.000000000000
1325561583,5.021000000000,1.040000000000
1325561583,5.020930000000,0.011940000000
1325561583,5.020510000000,0.203280000000
1325561583,5.020000000000,189.950790000000
1325561583,5.020000000000,2.000000000000
1325561583,5.020000000000,100.000000000000
1325561583,5.019610000000,0.021022130000
1325561583,5.019610000000,0.014064590000
1325561583,5.017600000000,0.396347650000
1325561583,5.017490000000,0.040450000000
1325561583,5.016050000000,0.250000000000
1325561583,5.015470000000,0.413430000000
1325561583,5.015000000000,19.920346180000
1325561655,5.048630000000,4.565858340000
1325561655,5.050000000000,45.324141660000
1325561774,5.049200000000,0.031000000000
1325561800,5.049100000000,0.087800000000
1325561873,5.037100000000,0.046900000000
1325561882,5.025000000000,9.950200000000
1325561882,5.025000000000,3.660000000000
1325561965,5.049190000000,0.087400000000
1325561969,5.049100000000,0.200000000000
1325562030,5.049190000000,9.831600000000
1325562030,5.050000000000,8.743344120000
1325562030,5.050000000000,0.270000000000
1325562030,5.050000000000,12.660000000000
1325562030,5.052660000000,0.030720000000
1325562030,5.059140000000,0.026460000000
1325562031,5.066510000000,10.086247580000
1325562031,5.067990000000,8.351628300000
1325562031,5.067990000000,4.308371700000
1325562031,5.067990000000,12.660000000000
1325562031,5.068020000000,5.193690200000
1325562031,5.070000000000,27.837938100000
1325562056,5.063950000000,0.400000000000
1325562146,5.026900000000,3.660000000000
1325562146,5.026850000000,5.029866790000
1325562146,5.026020000000,0.934864240000
1325562146,5.024510000000,2.824149320000
1325562146,5.023850000000,0.112068970000
1325562146,5.021400000000,6.419766900000
1325562146,5.016010000000,1.019283780000
1325562162,5.016020000000,78.000000000000
1325562162,5.016010000000,3.513978550000
1325562162,5.016000000000,31.660000000000
1325562162,5.015470000000,0.037710000000
1325562163,5.015000000000,19.570983820000
1325562163,5.015000000000,7.899000000000
1325562163,5.014990000000,3.660000000000
1325562163,5.014310000000,0.022010000000
1325562163,5.014200000000,3.000000000000
1325562163,5.014000000000,1.190000000000
1325562163,5.012630000000,0.547903000000
1325562163,5.012000000000,0.500000000000
1325562163,5.011680000000,0.986801140000
1325562163,5.011170000000,2.420699420000
1325562163,5.011110000000,2.082010230000
1325562163,5.011010000000,4.465479010000
1325562163,5.011000000000,3.000000000000
1325562163,5.011000000000,5.000000000000
1325562163,5.011000000000,511.000000000000
1325562163,5.010800000000,0.394959570000
1325562163,5.010100000000,14.601181610000
1325562163,5.010000000000,62.242570000000
1325562163,5.010000000000,2.000000000000
1325562163,5.010000000000,3.000000000000
1325562163,5.010000000000,20.000000000000
1325562163,5.010000000000,1.000000000000
1325562164,5.010000000000,10.000000000000
1325562164,5.010000000000,17.914000000000
1325562164,5.010000000000,4.000000000000
1325562164,5.009800000000,0.021047840000
1325562164,5.009800000000,0.014157480000
1325562164,5.007800000000,0.396483140000
1325562164,5.005880000000,0.012050000000
1325562164,5.005000000000,1.000000000000
1325562164,5.005000000000,1.000000000000
1325562164,5.005000000000,1.000000000000
1325562164,5.005000000000,1.000000000000
1325562164,5.005000000000,1.000000000000
1325562164,5.005000000000,1.000000000000
1325562164,5.005000000000,1.000000000000
1325562164,5.005000000000,137.811150000000
1325562164,5.003490000000,0.110470000000
1325562164,5.001200000000,9.900000000000
1325562164,5.001000000000,5.000000000000
1325562164,5.001000000000,29.994000000000
1325562164,5.000200000000,10.000000000000
1325562165,5.000130000000,3.800000000000
1325562165,5.000100000000,3.666084490000
1325562165,5.000100000000,1.775980480000
1325562165,5.000100000000,132.000000000000
1325562165,5.000000000000,20.000000000000
1325562165,5.000000000000,0.021075970000
1325562165,5.000000000000,0.500000000000
1325562165,5.000000000000,0.500000000000
1325562165,5.000000000000,0.500000000000
1325562165,5.000000000000,143.455140000000
1325562165,5.000000000000,12.000000000000
1325562165,5.000000000000,50.000000000000
1325562165,5.000000000000,60.000000000000
1325562165,5.000000000000,13.850000000000
1325562165,5.000000000000,60.000000000000
1325562165,5.000000000000,3.261494000000
1325562165,5.000000000000,2.000000000000
1325562165,5.000000000000,0.014163630000
1325562165,5.000000000000,0.470000000000
1325562165,5.000000000000,1.000000000000
1325562165,5.000000000000,16.500000000000
1325562165,5.000000000000,2.000000000000
1325562166,5.000000000000,0.441300000000
1325562166,5.000000000000,4.000000000000
1325562166,5.000000000000,320.000000000000
1325562166,5.000000000000,57.700000000000
1325562166,5.000000000000,1.000000000000
1325562166,5.000000000000,5.150000000000
1325562166,5.000000000000,23.500000000000
1325562166,5.000000000000,6.000000000000
1325562166,5.000000000000,10.000000000000
1325562166,5.000000000000,20.000000000000
1325562166,5.000000000000,10.926116620000
1325562202,5.052090000000,1.139955880000
1325562208,5.052090000000,0.086300000000
1325562210,5.012460000000,0.181480000000
1325562216,5.012460000000,1.818520000000
1325562216,5.052070000000,32.580000000000
1325562216,5.052100000000,14.000000000000
1325562216,5.058010000000,1.269313450000
1325562216,5.060400000000,0.332166550000
1325562228,5.050000000000,50.000000000000
1325562228,5.005460000000,1.144218640000
1325562228,5.001160000000,1.038738040000
1325562228,5.000810000000,2.017249520000
1325562228,5.000410000000,0.913171670000
1325562228,5.000020000000,1.476000000000
1325562228,5.000000000000,9.073883380000
1325562228,5.000000000000,15.836738750000
1325562231,5.001000000000,0.250000000000
1325562237,5.044710000000,0.150000000000
1325562241,5.005400000000,0.250000000000
1325562241,5.044700000000,11.000000000000
1325562242,5.044700000000,50.000000000000
1325562245,5.005400000000,1.273072020000
1325562245,5.044700000000,0.250000000000
1325562253,5.044700000000,15.523744120000
1325562253,5.044710000000,5.811961570000
1325562253,5.050000000000,28.664294310000
1325562294,5.044600000000,3.000000000000
1325562331,5.025860000000,0.047300000000
1325562346,5.025850000000,99.952700000000
1325562346,5.042110000000,2.047300000000
1325562349,5.007410000000,4.946173740000
1325562358,5.007770000000,4.700413350000
1325562358,5.005400000000,4.464518860000
1325562358,5.005400000000,3.660000000000
1325562358,5.002000000000,25.000000000000
1325562358,5.000100000000,362.175067790000
1325562382,5.010000000000,25.000000000000
1325562397,5.009990000000,3.000000000000
1325562411,5.030000000000,4.142900000000
1325562411,5.040000000000,6.000000000000
1325562412,5.040000000000,3.660000000000
1325562412,5.040010000000,10.000000000000
1325562412,5.040070000000,4.672555980000
1325562412,5.042110000000,2.885271930000
1325562412,5.042530000000,10.000000000000
1325562412,5.045050000000,10.000000000000
1325562412,5.046300000000,0.053614760000
1325562412,5.047400000000,0.535742260000
1325562412,5.047570000000,10.000000000000
1325562412,5.049000000000,5.468528420000
1325562457,5.038000000000,50.000000000000
1325562460,5.010500000000,0.097100000000
1325562461,5.010100000000,0.031900000000
1325562461,5.010000000000,2.000000000000
1325562461,5.003690000000,10.000000000000
1325562462,5.001190000000,10.000000000000
1325562462,5.001090000000,2.772000000000
1325562462,5.001070000000,0.747608960000
1325562462,5.000450000000,1.183817260000
1325562463,5.000160000000,0.841060080000
1325562463,5.000110000000,1.381120140000
1325562463,5.000100000000,380.226539460000
1325562463,5.000100000000,3.660000000000
1325562463,5.000100000000,12.660000000000
1325562463,5.000100000000,22.660000000000
1325562463,5.000000000000,6.163261250000
1325562464,5.000000000000,6.939472000000
1325562464,5.000000000000,1.030000000000
1325562464,5.000000000000,4.598370000000
1325562464,5.000000000000,66.930700000000
1325562464,5.000000000000,7.200000000000
1325562464,5.000000000000,19.400000000000
1325562464,4.999950000000,0.011270000000
1325562464,4.999490000000,0.010094710000
1325562464,4.998690000000,10.000000000000
1325562464,4.998000000000,0.396648680000
1325562464,4.997000000000,0.425340000000
1325562464,4.996680000000,5.151740000000
1325562464,4.996190000000,10.000000000000
1325562464,4.996070000000,0.143180000000
1325562464,4.995000000000,215.134500000000
1325562465,4.993110000000,0.174180000000
1325562465,4.991230000000,0.077180000000
1325562465,4.990200000000,0.021099260000
1325562465,4.990200000000,0.014168770000
1325562465,4.990000000000,71.480320000000
1325562465,4.990000000000,0.470000000000
1325562465,4.990000000000,10.000000000000
1325562465,4.989560000000,0.014390000000
1325562465,4.989090000000,2.189017090000
1325562465,4.988200000000,0.396801180000
1325562465,4.986710000000,0.426370000000
1325562465,4.986520000000,75.190890900000
1325562465,4.985970000000,99.990000000000
1325562465,4.985290000000,0.986514390000
1325562465,4.985120000000,0.934511200000
1325562465,4.985000000000,5.347280000000
1325562465,4.984710000000,24.838090250000
1325562465,4.983950000000,0.020684330000
1325562466,4.983130000000,0.092600000000
1325562466,4.981140000000,0.034880000000
1325562466,4.980680000000,1.874715230000
1325562466,4.980390000000,0.021113150000
1325562466,4.980390000000,0.014173110000
1325562466,4.980000000000,1.038899500000
1325562466,4.980000000000,117.834480000000
1325562471,4.980000000000,50.000000000000
1325562475,4.980000000000,1.859000000000
1325562479,4.980000000000,0.962631890000
1325562480,4.978970000000,7.847760000000
1325562486,4.978960000000,6.220000000000
1325562490,4.978960000000,55.932240000000
1325562490,4.980000000000,143.067760000000
1325562494,4.980000000000,199.000000000000
1325562504,4.980000000000,1.000000000000
1325562517,4.980000000000,50.000000000000
1325562527,4.980000000000,50.000000000000
1325562529,4.980000000000,5.646900000000
1325562532,4.980000000000,50.000000000000
1325562535,4.978960000000,0.322059380000
1325562535,4.978880000000,0.048800000000
1325562536,4.978400000000,0.396972730000
1325562536,4.976840000000,0.012510000000
1325562536,4.975950000000,0.309890000000
1325562536,4.975060000000,1.091230000000
1325562536,4.975000000000,23.147537890000
1325562536,4.980000000000,10.000000000000
1325562537,4.980000000000,5.600000000000
1325562554,4.980000000000,20.000000000000
1325562560,4.980000000000,0.350000000000
1325562566,4.980000000000,25.000000000000
1325562588,4.980000000000,100.000000000000
1325562595,4.975000000000,80.900000000000
1325562608,4.980000000000,5.012000000000
1325562609,4.980000000000,0.500000000000
1325562613,4.980000000000,20.080300000000
1325562614,4.980000000000,4.514000000000
1325562624,4.980000000000,4.064000000000
1325562634,4.980000000000,3.654000000000
1325562638,4.980000000000,50.000000000000
1325562638,4.980000000000,3.292000000000
1325562644,4.980000000000,2.964000000000
1325562650,4.980000000000,2.670000000000
1325562655,4.980000000000,2.404000000000
1325562659,4.980000000000,20.000000000000
1325562662,4.980000000000,2.164000000000
1325562669,4.980000000000,1.950000000000
1325562672,4.980000000000,24.967327210000
1325562672,4.999840000000,10.000000000000
1325562673,5.000000000000,15.032672790000
1325562677,5.000000000000,5.756258050000
1325562677,5.002340000000,10.000000000000
1325562677,5.004840000000,10.000000000000
1325562677,5.007340000000,10.000000000000
1325562677,5.009840000000,10.000000000000
1325562677,5.012340000000,4.243741950000
1325562685,5.000000000000,50.000000000000
1325562703,5.000000000000,50.000000000000
1325562710,5.000000000000,42.698620000000
1325562727,5.012340000000,5.756258050000
1325562727,5.014850000000,10.000000000000
1325562727,5.015650000000,0.045804920000
1325562727,5.017360000000,4.197937030000
1325562739,5.017360000000,0.030500000000
1325562778,5.000000000000,13.000000000000
1325562778,5.017360000000,5.771562970000
1325562778,5.019870000000,10.000000000000
1325562779,5.020000000000,13.000000000000
1325562845,5.022380000000,10.000000000000
1325562855,5.020010000000,5.000000000000
1325562886,5.024000000000,5.000000000000
1325562894,5.020000000000,47.687638270000
1325562970,5.022900000000,0.092700000000
1325562976,5.020000000000,0.847057980000
1325562984,5.022890000000,13.160600000000
1325562984,5.024000000000,34.780000000000
1325562984,5.024980000000,0.027060000000
1325562984,5.030000000000,2.032340000000
1325562996,5.020000000000,60.603127450000
1325563043,5.025000000000,0.050000000000
1325563069,5.025000000000,2.000000000000
1325563124,5.030000000000,2.967660000000
1325563159,5.030500000000,0.090100000000
1325563179,5.030500000000,0.151210000000
1325563179,5.033450000000,0.325730000000
1325563179,5.035000000000,5.000000000000
1325563179,5.035160000000,0.037970000000
1325563179,5.039870000000,10.000000000000
1325563179,5.040000000000,5.000000000000
1325563179,5.042250000000,0.041840000000
1325563179,5.042390000000,10.000000000000
1325563179,5.042820000000,0.093380000000
1325563179,5.044910000000,10.000000000000
1325563179,5.047430000000,10.000000000000
1325563179,5.047470000000,0.036560000000
1325563179,5.049410000000,0.593540850000
1325563179,5.049950000000,10.000000000000
1325563179,5.050000000000,38.519769150000
1325563187,5.050000000000,50.000000000000
1325563195,5.050000000000,40.000000000000
1325563216,5.050000000000,50.000000000000
1325563216,5.050000000000,94.815936540000
1325563216,5.051060000000,0.041110000000
1325563216,5.051140000000,5.142953460000
1325563217,5.051140000000,2.998896540000
1325563217,5.051300000000,0.011059800000
1325563217,5.051360000000,0.011910000000
1325563217,5.052470000000,10.000000000000
1325563217,5.053340000000,0.010980000000
1325563217,5.054920000000,0.019980000000
1325563217,5.055000000000,10.000000000000
1325563217,5.055750000000,0.233970000000
1325563217,5.057530000000,10.000000000000
1325563217,5.058160000000,0.277810000000
1325563218,5.060060000000,10.000000000000
1325563218,5.062590000000,10.000000000000
1325563218,5.062590000000,20.780000000000
1325563218,5.063120000000,0.177720000000
1325563218,5.063950000000,13.403110820000
1325563218,5.065120000000,10.000000000000
1325563218,5.067650000000,10.000000000000
1325563218,5.068540000000,0.059140000000
1325563218,5.070180000000,10.000000000000
1325563218,5.071350000000,0.011720000000
1325563218,5.071530000000,6.432205430000
1325563218,5.072720000000,10.000000000000
1325563218,5.074230000000,0.092280000000
1325563218,5.075260000000,10.000000000000
1325563218,5.075860000000,0.309790000000
1325563218,5.075890000000,0.022720000000
1325563218,5.076350000000,5.146707410000
1325563237,5.076350000000,4.753292590000
1325563237,5.077160000000,0.021670000000
1325563237,5.077300000000,3.660000000000
1325563237,5.077340000000,1.372972010000
1325563237,5.077800000000,0.192065400000
1325563279,5.076350000000,16.641064830000
1325563301,5.077800000000,9.807934600000
1325563301,5.078620000000,0.233130000000
1325563301,5.078830000000,0.012680000000
1325563301,5.080000000000,0.020904100000
1325563301,5.080000000000,0.393042300000
1325563311,5.080000000000,4.827738730000
1325563327,5.080000000000,0.048507200000
1325563361,5.080300000000,0.000011810000
1325563419,5.080300000000,3.799988190000
1325563425,5.081210000000,0.050640000000
1325563443,5.082000000000,10.163177700000
1325563457,5.084000000000,1.573408090000
1325563494,5.086710000000,8.085590000000
1325563494,5.086900000000,0.202090000000
1325563494,5.090000000000,0.994000000000
1325563494,5.090000000000,0.392872400000
1325563494,5.090000000000,0.020891200000
1325563494,5.090000000000,0.685703050000
1325563506,5.090000000000,10.000000000000
1325563516,5.090330000000,0.059570000000
1325563516,5.092600000000,0.092598610000
1325563516,5.095030000000,0.012580000000
1325563516,5.097820000000,0.714323020000
1325563516,5.098760000000,4.836219000000
1325563519,5.090000000000,50.000000000000
1325563548,5.098760000000,0.000637400000
1325563555,5.098760000000,1.163143600000
1325563555,5.099800000000,10.792993840000
1325563563,5.099800000000,13.343728250000
1325563563,5.099840000000,10.000000000000
1325563563,5.100000000000,5.802737260000
1325563563,5.100000000000,2.000000000000
1325563563,5.100000000000,10.000000000000
1325563564,5.100000000000,11.800000000000
1325563564,5.100000000000,0.020867300000
1325563564,5.100000000000,0.392737100000
1325563564,5.100000000000,3.000000000000
1325563647,5.101670000000,0.048952590000
1325563714,5.101670000000,0.190047410000
1325563736,5.102390000000,10.000000000000
1325563757,5.102400000000,0.031708600000
1325563759,5.104500000000,0.205150000000
1325563759,5.104940000000,10.000000000000
1325563759,5.105480000000,0.892903770000
1325563759,5.106790000000,0.013930000000
1325563759,5.107490000000,10.000000000000
1325563785,5.109040000000,50.008158800000
1325563785,5.109900000000,0.040684900000
1325563785,5.110000000000,0.392557500000
1325563785,5.110000000000,0.020840200000
1325563785,5.110150000000,0.989234750000
1325563785,5.116320000000,0.047016200000
1325563785,5.116970000000,44.143713230000
1325563785,5.117030000000,0.011350000000
1325563785,5.118100000000,0.052200000000
1325563785,5.119160000000,2.299227670000
1325563786,5.119950000000,6.000000000000
1325563786,5.120000000000,11.000000000000
1325563786,5.120000000000,0.392423400000
1325563786,5.120000000000,0.020814000000
1325563786,5.120000000000,4.581779350000
1325563830,5.110000000000,45.000000000000
1325563837,5.110000000000,50.000000000000
1325563840,5.110000000000,50.000000000000
1325563840,5.120000000000,15.418220650000
1325563841,5.120000000000,50.000000000000
1325563845,5.120000000000,50.000000000000
1325563850,5.120000000000,50.000000000000
1325563856,5.120000000000,0.050000000000
1325563858,5.120000000000,0.312616500000
1325563869,5.120000000000,0.500000000000
1325563874,5.120000000000,0.500000000000
1325563911,5.120000000000,100.000000000000
1325563914,5.120000000000,10.000000000000
1325563917,5.120000000000,50.000000000000
1325563931,5.120000000000,50.000000000000
1325563949,5.120000000000,10.000000000000
1325563953,5.120370000000,0.250000000000
1325563962,5.120380000000,3.127000000000
1325563962,5.120370000000,6.873000000000
1325563980,5.120380000000,0.250000000000
1325563980,5.120370000000,14.750000000000
1325563994,5.120370000000,150.000000000000
1325564010,5.121560000000,10.656150330000
1325564010,5.122120000000,0.085170000000
1325564010,5.122560000000,8.049110000000
1325564010,5.122720000000,0.032010000000
1325564010,5.123790000000,0.928860000000
1325564010,5.126610000000,7.701384880000
1325564010,5.126680000000,0.103150000000
1325564010,5.127450000000,10.803869690000
1325564011,5.127500000000,0.239250000000
1325564011,5.127500000000,0.010000000000
1325564011,5.127500000000,0.010000000000
1325564011,5.127500000000,0.010000000000
1325564011,5.127500000000,0.010000000000
1325564011,5.127500000000,0.010000000000
1325564011,5.127500000000,0.010000000000
1325564011,5.127500000000,0.010000000000
1325564011,5.127500000000,0.010000000000
1325564011,5.127500000000,0.010000000000
1325564011,5.127500000000,0.010000000000
1325564011,5.127500000000,0.010000000000
1325564011,5.127500000000,0.010000000000
1325564011,5.127500000000,0.010000000000
1325564011,5.127500000000,0.010000000000
1325564011,5.127500000000,0.010000000000
1325564011,5.127500000000,0.010000000000
1325564011,5.127500000000,0.010000000000
1325564011,5.127500000000,0.010000000000
1325564011,5.127500000000,0.010000000000
1325564011,5.127500000000,0.010000000000
1325564011,5.127500000000,0.010000000000
1325564011,5.127500000000,0.010000000000
1325564011,5.127500000000,0.010000000000
1325564011,5.127500000000,0.010000000000
1325564011,5.127500000000,0.010000000000
1325564011,5.127500000000,0.010000000000
1325564011,5.127500000000,0.010000000000
1325564011,5.127500000000,0.010000000000
1325564012,5.127500000000,0.010000000000
1325564012,5.127500000000,0.010000000000
1325564012,5.127500000000,0.010000000000
1325564012,5.127500000000,0.010000000000
1325564012,5.127500000000,0.010000000000
1325564012,5.127500000000,0.010000000000
1325564012,5.127500000000,0.010000000000
1325564012,5.127500000000,0.010000000000
1325564012,5.127500000000,0.010000000000
1325564012,5.127500000000,0.010000000000
1325564012,5.127500000000,0.010000000000
1325564012,5.127500000000,0.010000000000
1325564012,5.127500000000,0.010000000000
1325564012,5.127500000000,0.010000000000
1325564012,5.127500000000,0.010000000000
1325564012,5.127500000000,0.010000000000
1325564012,5.127500000000,0.010000000000
1325564012,5.127500000000,0.010000000000
1325564012,5.127500000000,0.010000000000
1325564012,5.127500000000,0.010000000000
1325564012,5.127500000000,0.010000000000
1325564012,5.127500000000,0.010000000000
1325564012,5.127500000000,0.010000000000
1325564012,5.127500000000,0.010000000000
1325564012,5.127500000000,0.010000000000
1325564012,5.127500000000,0.010000000000
1325564012,5.127500000000,0.010000000000
1325564012,5.127500000000,0.010000000000
1325564012,5.127500000000,0.010000000000
1325564012,5.127500000000,0.010000000000
1325564012,5.127500000000,0.010000000000
1325564013,5.127500000000,0.010000000000
1325564013,5.127500000000,0.010000000000
1325564013,5.127500000000,0.010000000000
1325564013,5.127500000000,0.010000000000
1325564013,5.127500000000,0.010000000000
1325564013,5.127500000000,0.010000000000
1325564013,5.127500000000,0.010000000000
1325564013,5.127500000000,0.010000000000
1325564013,5.127500000000,0.010000000000
1325564013,5.127500000000,0.010000000000
1325564013,5.127500000000,0.010000000000
1325564013,5.127500000000,0.010000000000
1325564013,5.127500000000,0.010000000000
1325564013,5.127500000000,0.010000000000
1325564013,5.127500000000,0.010000000000
1325564013,5.127500000000,0.010000000000
1325564013,5.127500000000,0.010000000000
1325564013,5.127500000000,0.010000000000
1325564013,5.127500000000,0.010000000000
1325564013,5.127500000000,0.010000000000
1325564013,5.127500000000,0.010000000000
1325564013,5.127500000000,0.010000000000
1325564013,5.127810000000,0.010020000000
1325564013,5.128240000000,0.020490000000
1325564013,5.128690000000,4.865217890000
1325564013,5.129840000000,0.044400000000
1325564013,5.130000000000,0.392287100000
1325564014,5.130000000000,0.020785400000
1325564014,5.130640000000,0.070950000000
1325564014,5.131000000000,10.000000000000
1325564014,5.131140000000,0.456137490000
1325564014,5.132200000000,0.075712940000
1325564014,5.134480000000,2.790624620000
1325564014,5.135190000000,0.014500000000
1325564014,5.135640000000,1.071484530000
1325564014,5.136320000000,0.534570000000
1325564014,5.136570000000,0.223865130000
1325564023,5.127760000000,0.046618600000
1325564023,5.136570000000,0.773899100000
1325564023,5.136780000000,0.042770000000
1325564023,5.137080000000,0.111920000000
1325564023,5.137100000000,2.100000000000
1325564023,5.137600000000,0.005170000000
1325564023,5.137600000000,0.010000000000
1325564023,5.138550000000,8.000000000000
1325564023,5.138830000000,3.800000000000
1325564023,5.138960000000,0.031130000000
1325564023,5.139470000000,12.215367050000
1325564023,5.139820000000,0.046419800000
1325564023,5.140000000000,0.392218800000
1325564023,5.140000000000,0.020755400000
1325564024,5.140090000000,0.030814000000
1325564024,5.142850000000,2.572010350000
1325564024,5.143650000000,0.046519200000
1325564024,5.145400000000,8.771687700000
1325564033,5.121560000000,1.550587420000
1325564079,5.145390000000,0.638989570000
1325564079,5.145400000000,20.788128200000
1325564079,5.145400000000,3.480000000000
1325564091,5.145400000000,0.015030530000
1325564095,5.145400000000,0.015030530000
1325564101,5.145400000000,0.015030530000
1325564107,5.145400000000,0.015030530000
1325564108,5.145400000000,0.014940350000
1325564111,5.145650000000,0.493780000000
1325564111,5.145700000000,0.015030530000
1325564120,5.145700000000,0.015030530000
1325564129,5.145700000000,0.015030530000
1325564136,5.145700000000,0.015030530000
1325564136,5.145700000000,0.785916000000
1325564137,5.145700000000,0.015030530000
1325564148,5.145700000000,8.223477850000
1325564174,5.145390000000,0.000011740000
1325564182,5.145700000000,4.157966260000
1325564182,5.146240000000,0.085620000000
1325564182,5.147000000000,1.000000000000
1325564182,5.147410000000,4.786570000000
1325564182,5.147600000000,0.010000000000
1325564182,5.147640000000,10.636562450000
1325564182,5.147990000000,6.871300000000
1325564182,5.148290000000,0.770372030000
1325564182,5.149000000000,9.819730000000
1325564182,5.149470000000,12.707027030000
1325564182,5.150000000000,11.800000000000
1325564182,5.150000000000,0.392279000000
1325564182,5.150000000000,0.020742600000
1325564182,5.150000000000,2.000000000000
1325564182,5.150000000000,3.490830630000
1325564205,5.147500000000,10.074000000000
1325564205,5.150000000000,1.509169370000
1325564205,5.150000000000,1.000000000000
1325564228,5.150000000000,0.310916000000
1325564229,5.150000000000,10.074000000000
1325564265,5.150000000000,1.000000000000
1325564287,5.150000000000,1.000000000000
1325564293,5.151850000000,0.019548310000
1325564299,5.150000000000,10.000000000000
1325564355,5.148820000000,2.000000000000
1325564380,5.145390000000,0.079988260000
1325564395,5.115900000000,4.879697800000
1325564395,5.114000000000,0.120302200000
1325564405,5.114000000000,3.369679620000
1325564417,5.144000000000,4.000000000000
1325564417,5.144400000000,2.000000000000
1325564417,5.144900000000,3.660000000000
1325564417,5.144900000000,10.432632310000
1325564548,5.130000000000,43.524000000000
1325564568,5.113960000000,2.202551350000
1325564568,5.111900000000,4.318477090000
1325564568,5.110400000000,8.276748450000
1325564568,5.110000000000,200.000000000000
1325564568,5.102540000000,10.285218260000
1325564568,5.102400000000,39.968291400000
1325564568,5.101380000000,0.027900000000
1325564568,5.100980000000,4.668717900000
1325564568,5.100200000000,10.000000000000
1325564568,5.100000000000,13.817600000000
1325564579,5.100000000000,0.272627150000
1325564581,5.100000000000,346.161868400000
1325564581,5.130000000000,216.474459830000
1325564590,5.130000000000,28.507871770000
1325564608,5.099900000000,0.272627150000
1325564657,5.125390000000,2.026200000000
1325564679,5.125390000000,3.370422980000
1325564680,5.129900000000,26.320000000000
1325564680,5.130000000000,28.507871770000
1325564680,5.130000000000,38.178030290000
1325564689,5.125400000000,0.200000000000
1325564724,5.125400000000,0.200000000000
1325564745,5.125410000000,0.500000000000
1325564754,5.125410000000,0.200000000000
1325564795,5.125410000000,0.500000000000
1325564803,5.125420000000,9.000000000000
1325564816,5.125420000000,0.500000000000
1325564835,5.125420000000,9.000000000000
1325564837,5.125430000000,3.550000000000
1325564935,5.122180000000,0.000359220000
1325565018,5.099100000000,0.012300000000
1325565025,5.099100000000,0.012300000000
1325565030,5.099100000000,0.012300000000
1325565033,5.099100000000,0.012300000000
1325565035,5.099100000000,0.012300000000
1325565042,5.099100000000,0.012300000000
1325565044,5.099100000000,0.012300000000
1325565051,5.099100000000,0.012300000000
1325565054,5.099100000000,0.012300000000
1325565057,5.099100000000,0.012300000000
1325565058,5.099100000000,0.012300000000
1325565061,5.099100000000,0.012300000000
1325565061,5.099100000000,0.012300000000
1325565066,5.099100000000,0.012300000000
1325565069,5.099100000000,0.003710000000
1325565087,5.088100000000,0.015000000000
1325565087,5.088000000000,1.606969710000
1325565170,5.128000000000,4.756244140000
1325565262,5.100060000000,0.012300000000
1325565315,5.110060000000,0.012300000000
1325565315,5.110060000000,0.012300000000
1325565324,5.110060000000,0.012300000000
1325565366,5.111010000000,0.012300000000
1325565388,5.111020000000,0.012300000000
1325565393,5.111020000000,0.012300000000
1325565397,5.111020000000,0.012300000000
1325565399,5.111020000000,0.012300000000
1325565400,5.111020000000,0.012300000000
1325565403,5.111020000000,0.012300000000
1325565407,5.111020000000,0.012300000000
1325565407,5.111020000000,0.012300000000
1325565412,5.111020000000,0.012300000000
1325565415,5.111020000000,0.012300000000
1325565416,5.111020000000,0.012300000000
1325565418,5.111020000000,0.012300000000
1325565419,5.119600000000,0.012300000000
1325565428,5.120000000000,0.123000000000
1325565428,5.120000000000,0.123000000000
1325565428,5.120000000000,0.123000000000
1325565433,5.120000000000,0.123000000000
1325565433,5.120000000000,0.123000000000
1325565434,5.120000000000,0.123000000000
1325565435,5.120000000000,0.123000000000
1325565438,5.120000000000,0.123000000000
1325565439,5.120000000000,0.123000000000
1325565442,5.120000000000,0.123000000000
1325565445,5.120000000000,0.123000000000
1325565446,5.120000000000,0.123000000000
1325565447,5.120000000000,0.123000000000
1325565451,5.120000000000,0.123000000000
1325565452,5.120000000000,0.123000000000
1325565452,5.120000000000,0.123000000000
1325565455,5.120000000000,0.123000000000
1325565455,5.120000000000,0.123000000000
1325565456,5.120000000000,0.123000000000
1325565456,5.120000000000,0.123000000000
1325565461,5.128000000000,5.157600070000
1325565462,5.139990000000,22.339578480000
1325565552,5.093990000000,0.012300000000
1325565568,5.093990000000,0.012300000000
1325565572,5.093990000000,0.012300000000
1325565586,5.093990000000,0.012300000000
1325565654,5.099000000000,0.012300000000
1325565656,5.093990000000,0.012300000000
1325565663,5.093990000000,0.012300000000
1325565666,5.093990000000,0.012300000000
1325565672,5.093990000000,0.012300000000
1325565680,5.093990000000,0.012300000000
1325565686,5.099900000000,0.012300000000
1325565688,5.099910000000,0.012300000000
1325565693,5.099910000000,0.012300000000
1325565693,5.099910000000,0.012300000000
1325565708,5.099910000000,0.002552980000
1325565719,5.093990000000,0.012300000000
1325565729,5.094000000000,0.012300000000
1325565735,5.093990000000,0.012300000000
1325565736,5.093990000000,6.109512710000
1325565759,5.089870000000,5.000000000000
1325565759,5.092410000000,5.000000000000
1325565760,5.093980000000,3.900234310000
1325565760,5.093980000000,5.000000000000
1325565763,5.093980000000,4.990252980000
1325565763,5.093980000000,0.009747020000
1325565763,5.093980000000,5.000000000000
1325565764,5.093980000000,0.012300000000
1325565766,5.093980000000,14.977952980000
1325565767,5.093980000000,0.012300000000
1325565770,5.093980000000,0.630000000000
1325565781,5.093980000000,0.012300000000
1325565788,5.093980000000,0.012300000000
1325565790,5.093980000000,0.012300000000
1325565811,5.093980000000,0.012300000000
1325565815,5.093980000000,0.012300000000
1325565815,5.093980000000,0.012300000000
1325565820,5.093980000000,0.012300000000
1325565821,5.093980000000,0.012300000000
1325565829,5.093980000000,0.012300000000
1325565835,5.093980000000,0.012300000000
1325565835,5.093980000000,0.012300000000
1325565838,5.093980000000,0.012300000000
1325565841,5.093980000000,1.012300000000
1325565857,5.094960000000,0.012300000000
1325565870,5.093980000000,0.012300000000
1325565873,5.093980000000,0.012300000000
1325565873,5.093980000000,0.012300000000
1325565875,5.093980000000,0.012300000000
1325565875,5.093980000000,0.012300000000
1325565875,5.093980000000,0.012300000000
1325565876,5.093980000000,0.012300000000
1325565886,5.093980000000,0.012300000000
1325565886,5.093980000000,0.012300000000
1325565889,5.093980000000,0.012300000000
1325565894,5.093980000000,0.012300000000
1325565894,5.093980000000,0.012300000000
1325565895,5.093980000000,0.012300000000
1325565897,5.093980000000,0.012300000000
1325565897,5.093980000000,0.012300000000
1325565897,5.093980000000,0.012300000000
1325565899,5.093980000000,0.012300000000
1325565899,5.093980000000,0.012300000000
1325565901,5.093980000000,0.012300000000
1325565901,5.093980000000,0.012300000000
1325565910,5.093980000000,0.012300000000
1325565914,5.093980000000,0.012300000000
1325565918,5.093980000000,0.012300000000
1325565919,5.093980000000,0.012300000000
1325565920,5.093980000000,0.012300000000
1325565931,5.093980000000,0.012300000000
1325565932,5.093980000000,0.012300000000
1325565932,5.093980000000,0.012300000000
1325565932,5.093980000000,0.012300000000
1325565932,5.093980000000,0.012300000000
1325565933,5.093980000000,0.012300000000
1325565938,5.093980000000,0.012300000000
1325565938,5.093980000000,0.012300000000
1325565940,5.093980000000,0.012300000000
1325565940,5.093980000000,0.012300000000
1325565940,5.093980000000,0.012300000000
1325565940,5.093980000000,0.012300000000
1325565951,5.093980000000,0.012300000000
1325565955,5.094960000000,4.987700000000
1325565955,5.097510000000,5.000000000000
1325565955,5.100060000000,3.215531050000
1325565957,5.093980000000,0.012300000000
1325565958,5.093980000000,0.012300000000
1325565958,5.093980000000,0.012300000000
1325565970,5.100060000000,0.012300000000
1325565995,5.093980000000,0.012300000000
1325565998,5.093980000000,0.012300000000
1325565999,5.093980000000,0.012300000000
1325566000,5.093980000000,0.012300000000
1325566006,5.094960000000,0.012300000000
1325566010,5.094960000000,0.012300000000
1325566016,5.094960000000,0.012300000000
1325566021,5.094960000000,0.012300000000
1325566022,5.094960000000,0.012300000000
1325566028,5.094960000000,0.012300000000
1325566029,5.094960000000,0.012300000000
1325566030,5.094960000000,0.012300000000
1325566030,5.094960000000,0.012300000000
1325566036,5.094960000000,0.012300000000
1325566037,5.094960000000,0.012300000000
1325566040,5.094960000000,0.012300000000
1325566041,5.094960000000,0.012300000000
1325566049,5.094960000000,0.012300000000
1325566049,5.094960000000,0.012300000000
1325566049,5.094960000000,0.012300000000
1325566050,5.094960000000,0.012300000000
1325566050,5.094960000000,0.012300000000
1325566050,5.094960000000,0.012300000000
1325566052,5.094960000000,0.012300000000
1325566052,5.094960000000,0.012300000000
1325566053,5.094960000000,0.012300000000
1325566053,5.094960000000,0.012300000000
1325566053,5.094960000000,0.012300000000
1325566053,5.094960000000,0.012300000000
1325566063,5.094960000000,0.012300000000
1325566066,5.094960000000,0.012300000000
1325566068,5.094960000000,0.012300000000
1325566068,5.094960000000,0.012300000000
1325566068,5.094960000000,0.012300000000
1325566069,5.094960000000,0.012300000000
1325566072,5.094960000000,0.012300000000
1325566073,5.094960000000,0.012300000000
1325566073,5.094960000000,0.012300000000
1325566075,5.094960000000,0.012300000000
1325566075,5.094960000000,0.012300000000
1325566075,5.094960000000,0.012300000000
1325566077,5.094960000000,0.012300000000
1325566077,5.094960000000,0.012300000000
1325566079,5.094960000000,0.012300000000
1325566079,5.094960000000,0.012300000000
1325566079,5.094960000000,0.012300000000
1325566089,5.094960000000,0.012300000000
1325566091,5.094960000000,0.012300000000
1325566091,5.094960000000,0.012300000000
1325566096,5.094960000000,0.012300000000
1325566098,5.094960000000,0.012300000000
1325566099,5.094960000000,0.012300000000
1325566100,5.094960000000,0.012300000000
1325566102,5.094960000000,0.012300000000
1325566103,5.094960000000,0.012300000000
1325566105,5.094960000000,0.012300000000
1325566106,5.094960000000,0.012300000000
1325566109,5.094960000000,0.012300000000
1325566110,5.094960000000,0.012300000000
1325566110,5.094960000000,0.012300000000
1325566111,5.094960000000,0.012300000000
1325566111,5.100000000000,39.001574650000
1325566112,5.100060000000,1.772168950000
1325566112,5.102610000000,1.376256400000
1325566112,5.094960000000,0.012300000000
1325566112,5.094960000000,0.012300000000
1325566132,5.100000000000,100.000000000000
1325566138,5.094960000000,0.012300000000
1325566140,5.094960000000,0.012300000000
1325566142,5.094960000000,0.012300000000
1325566142,5.094960000000,0.012300000000
1325566146,5.094960000000,26.347639620000
1325566146,5.093980000000,2.666347020000
1325566146,5.093980000000,1.075165690000
1325566146,5.092410000000,5.000000000000
1325566146,5.086000000000,24.516664400000
1325566146,5.085550000000,0.014510000000
1325566146,5.085390000000,0.032670000000
1325566147,5.083390000000,0.935414650000
1325566147,5.081130000000,0.040890000000
1325566147,5.080000000000,2.000000000000
1325566147,5.079620000000,0.134650000000
1325566147,5.078730000000,0.068260000000
1325566147,5.075910000000,0.012120000000
1325566147,5.073650000000,0.171200000000
1325566147,5.073600000000,0.391810550000
1325566147,5.073310000000,0.010890000000
1325566147,5.069630000000,0.103200000000
1325566147,5.066550000000,1.425610000000
1325566147,5.066000000000,0.101940000000
1325566147,5.065270000000,0.289820000000
1325566147,5.064080000000,0.045060000000
1325566147,5.063090000000,0.082040000000
1325566147,5.061540000000,40.996913390000
1325566147,5.058190000000,0.015420000000
1325566147,5.050640000000,13.521764680000
1325566161,5.087000000000,0.012300000000
1325566161,5.087000000000,0.012300000000
1325566188,5.050640000000,0.012300000000
1325566188,5.050640000000,0.012300000000
1325566189,5.086990000000,0.012300000000
1325566189,5.086990000000,0.012300000000
1325566189,5.086990000000,0.012300000000
1325566189,5.086990000000,0.012300000000
1325566189,5.086990000000,0.012300000000
1325566189,5.086990000000,0.012300000000
1325566189,5.086990000000,0.012300000000
1325566189,5.086990000000,0.012300000000
1325566189,5.086990000000,0.012300000000
1325566189,5.086990000000,0.012300000000
1325566189,5.086990000000,0.012300000000
1325566189,5.086990000000,0.012300000000
1325566189,5.086990000000,0.012300000000
1325566189,5.086990000000,0.012300000000
1325566189,5.086990000000,0.012300000000
1325566189,5.094950000000,0.012300000000
1325566189,5.094950000000,0.012300000000
1325566189,5.094950000000,0.012300000000
1325566189,5.094950000000,0.012300000000
1325566189,5.094950000000,0.012300000000
1325566189,5.094950000000,0.012300000000
1325566189,5.094950000000,0.012300000000
1325566189,5.102610000000,3.623743600000
1325566189,5.105160000000,5.000000000000
1325566189,5.107710000000,5.000000000000
1325566190,5.110260000000,5.000000000000
1325566190,5.112800000000,12.660000000000
1325566190,5.112820000000,5.000000000000
1325566190,5.115380000000,5.000000000000
1325566190,5.117940000000,5.000000000000
1325566190,5.120500000000,3.445656400000
1325566190,5.050640000000,0.012300000000
1325566191,5.050640000000,0.012300000000
1325566191,5.050640000000,0.012300000000
1325566191,5.050640000000,0.012300000000
1325566192,5.120500000000,1.554343600000
1325566192,5.123060000000,5.000000000000
1325566192,5.125620000000,5.000000000000
1325566192,5.128000000000,6.864666030000
1325566192,5.128180000000,5.000000000000
1325566193,5.128180000000,20.780000000000
1325566193,5.129500000000,0.749377530000
1325566193,5.130740000000,5.000000000000
1325566193,5.131220000000,0.051612840000
1325566237,5.097000000000,0.012300000000
1325566237,5.097650000000,6.219785910000
1325566237,5.103540000000,11.479135750000
1325566237,5.131220000000,5.011636530000
1325566237,5.133310000000,5.000000000000
1325566238,5.134970000000,6.221427600000
1325566238,5.135880000000,5.000000000000
1325566238,5.138450000000,5.000000000000
1325566238,5.140000000000,6.055714210000
1325566246,5.097610000000,50.000000000000
1325566259,5.090000000000,0.012300000000
1325566269,5.092980000000,0.012300000000
1325566272,5.092980000000,0.012300000000
1325566273,5.092980000000,0.012300000000
1325566274,5.092980000000,0.012300000000
1325566276,5.092980000000,0.012300000000
1325566278,5.092980000000,0.012300000000
1325566278,5.092980000000,0.012300000000
1325566280,5.092980000000,0.012300000000
1325566280,5.092980000000,0.012300000000
1325566282,5.092980000000,0.012300000000
1325566282,5.092980000000,0.012300000000
1325566283,5.092980000000,0.012300000000
1325566284,5.092980000000,0.012300000000
1325566285,5.093680000000,5.202796360000
1325566294,5.138880000000,28.159900000000
1325566294,5.138890000000,21.840100000000
1325566294,5.094010000000,0.012300000000
1325566296,5.094010000000,0.012300000000
1325566299,5.092980000000,0.012300000000
1325566301,5.092980000000,0.012300000000
1325566301,5.092980000000,0.012300000000
1325566316,5.095010000000,0.012300000000
1325566317,5.095010000000,0.012300000000
1325566317,5.095010000000,0.012300000000
1325566319,5.095010000000,0.012300000000
1325566323,5.095010000000,0.012300000000
1325566323,5.095010000000,0.012300000000
1325566323,5.095010000000,78.132776630000
1325566323,5.094100000000,3.660000000000
1325566323,5.094100000000,12.660000000000
1325566323,5.093000000000,19.000000000000
1325566323,5.093000000000,3.660000000000
1325566323,5.092970000000,1.729699730000
1325566324,5.089220000000,1.147669860000
1325566324,5.070000000000,1.000000000000
1325566324,5.061540000000,1.836661720000
1325566324,5.059070000000,5.198899390000
1325566324,5.056650000000,1.119561460000
1325566324,5.056110000000,6.257845430000
1325566324,5.053930000000,0.032010000000
1325566324,5.051680000000,1.456782980000
1325566324,5.050640000000,10.509682940000
1325566324,5.050470000000,0.178920000000
1325566324,5.050040000000,3.133817520000
1325566324,5.050000000000,12.000000000000
1325566324,5.050000000000,3.000000000000
1325566324,5.049020000000,0.020954230000
1325566325,5.047780000000,1.540276980000
1325566325,5.047600000000,0.010000000000
1325566325,5.047000000000,0.396281400000
1325566325,5.046900000000,1.848332370000
1325566325,5.046100000000,0.541620000000
1325566325,5.043480000000,0.010980000000
1325566325,5.041020000000,0.011970000000
1325566325,5.040890000000,8.828742650000
1325566325,5.040100000000,0.040965740000
1325566325,5.039420000000,0.056080000000
1325566325,5.039220000000,0.020980630000
1325566325,5.037750000000,9.571633040000
1325566325,5.037600000000,0.010000000000
1325566325,5.037600000000,0.010000000000
1325566325,5.037470000000,1.760000000000
1325566325,5.037200000000,0.396461240000
1325566325,5.036180000000,0.450093840000
1325566325,5.034430000000,7.010820330000
1325566325,5.033420000000,0.022000000000
1325566325,5.033420000000,0.024090000000
1325566325,5.032420000000,10.001631760000
1325566326,5.031250000000,91.701758130000
1325566361,5.139970000000,0.268076630000
1325566361,5.139980000000,55.710000000000
1325566361,5.140000000000,17.319735790000
1325566361,5.140980000000,1.981221050000
1325566361,5.141000000000,24.720966530000
1325566368,5.137600000000,0.010000000000
1325566368,5.137600000000,0.010000000000
1325566368,5.139900000000,3.660000000000
1325566368,5.139900000000,12.660000000000
1325566368,5.141000000000,35.279033470000
1325566369,5.141020000000,5.000000000000
1325566369,5.142640000000,0.507570000000
1325566369,5.142640000000,0.104610000000
1325566369,5.143590000000,5.000000000000
1325566369,5.144000000000,15.000000000000
1325566369,5.144340000000,0.028770000000
1325566369,5.144800000000,2.000000000000
1325566369,5.145000000000,20.740016530000
1325566371,5.099740000000,5.504430600000
1325566371,5.089220000000,2.877369590000
1325566371,5.056650000000,8.155122570000
1325566371,5.050640000000,2.463077240000
1325566372,5.050640000000,9.503388680000
1325566372,5.031270000000,1.317000000000
1325566372,5.031250000000,8.179611320000
1325566425,5.074420000000,0.050100000000
1325566432,5.074420000000,1.750193720000
1325566432,5.076430000000,1.963029690000
1325566432,5.077740000000,6.277891640000
1325566432,5.079750000000,2.680057250000
1325566432,5.082890000000,1.589173680000
1325566432,5.092640000000,3.350610460000
1325566432,5.093460000000,0.040510000000
1325566432,5.095290000000,0.238332690000
1325566432,5.098110000000,1.126412180000
1325566432,5.098300000000,0.054950000000
1325566432,5.098650000000,2.283434320000
1325566432,5.100000000000,13.766900000000
1325566432,5.109900000000,0.040684810000
1325566432,5.115920000000,0.052330000000
1325566432,5.116520000000,0.015740000000
1325566433,5.117780000000,0.048230000000
1325566433,5.118300000000,0.434830000000
1325566433,5.118430000000,8.079660000000
1325566433,5.118760000000,0.020430000000
1325566433,5.119060000000,0.059470000000
1325566433,5.120480000000,0.031470000000
1325566433,5.125590000000,0.283100000000
1325566433,5.127820000000,0.011750000000
1325566433,5.129900000000,5.000000000000
1325566433,5.135850000000,0.800809560000
1325566436,5.072220000000,0.024940000000
1325566436,5.092700000000,0.033950000000
1325566436,5.135850000000,4.729752320000
1325566436,5.138640000000,0.010400000000
1325566436,5.139000000000,45.200957680000
1325566485,5.099740000000,0.114580000000
1325566485,5.110320000000,0.035000000000
1325566485,5.118500000000,3.660000000000
1325566485,5.118550000000,10.635238370000
1325566485,5.120460000000,0.024540000000
1325566485,5.123430000000,0.047330000000
1325566485,5.138000000000,22.660000000000
1325566485,5.139000000000,12.823311630000
1325566485,5.093850000000,0.995501140000
1325566537,5.093840000000,0.004498860000
1325566537,5.111010000000,35.200000000000
1325566537,5.111030000000,7.118857080000
1325566537,5.139000000000,7.676644060000
1325566565,5.126000000000,0.012300000000
1325566566,5.128510000000,6.875061990000
1325566566,5.134970000000,35.130000000000
1325566566,5.135000000000,2.000000000000
1325566566,5.139000000000,5.982638010000
1325566611,5.126000000000,0.012300000000
1325566611,5.137000000000,0.012300000000
1325566611,5.138400000000,19.000000000000
1325566611,5.138400000000,3.660000000000
1325566611,5.138500000000,27.315400000000
1325566615,5.138500000000,5.808730560000
1325566615,5.139000000000,2.498273880000
1325566615,5.140000000000,0.392630000000
1325566615,5.140000000000,0.020777700000
1325566615,5.141740000000,0.880708900000
1325566616,5.146160000000,5.000000000000
1325566616,5.147600000000,0.010000000000
1325566616,5.148730000000,5.000000000000
1325566616,5.148820000000,2.868040180000
1325566616,5.148820000000,5.511850170000
1325566616,5.149850000000,0.012140000000
1325566616,5.149850000000,0.032350000000
1325566616,5.149900000000,21.964498610000
1325566676,5.123000000000,0.000044890000
1325566681,5.106820000000,0.050000000000
1325566689,5.123000000000,0.012255110000
1325566689,5.137000000000,0.012300000000
1325566689,5.140850000000,0.024867480000
1325566716,5.109160000000,0.012300000000
1325566722,5.109160000000,0.012300000000
1325566723,5.140830000000,42.020000000000
1325566723,5.140850000000,4.487196110000
1325566723,5.141800000000,3.492803890000
1325566725,5.109160000000,0.012300000000
1325566725,5.109160000000,0.012300000000
1325566728,5.109160000000,0.012300000000
1325566730,5.109160000000,0.012300000000
1325566730,5.109160000000,0.012300000000
1325566732,5.109160000000,0.012300000000
1325566733,5.141840000000,7.022498890000
1325566733,5.142580000000,0.394950000000
1325566733,5.144300000000,0.028820000000
1325566733,5.144990000000,22.660000000000
1325566733,5.145000000000,1.000000000000
1325566733,5.146000000000,18.893731110000
1325566733,5.109160000000,0.012300000000
1325566738,5.140830000000,48.030000000000
1325566738,5.146000000000,1.970000000000
1325566743,5.137000000000,0.012300000000
1325566743,5.140830000000,4.730084800000
1325566743,5.144150000000,4.760615440000
1325566743,5.144900000000,22.660000000000
1325566743,5.146000000000,17.836999760000
1325566749,5.137000000000,0.012300000000
1325566749,5.137000000000,0.012300000000
1325566749,5.137000000000,0.012300000000
1325566749,5.137000000000,0.012300000000
1325566749,5.141820000000,41.360000000000
1325566749,5.146000000000,8.590800000000
1325566754,5.111750000000,0.500000000000
1325566758,5.137000000000,0.012300000000
1325566758,5.137000000000,0.012300000000
1325566759,5.145980000000,31.760000000000
1325566759,5.146000000000,18.215400000000
1325566816,5.137000000000,0.012300000000
1325566816,5.137000000000,0.012300000000
1325566816,5.137000000000,0.012300000000
1325566816,5.137000000000,0.012300000000
1325566816,5.137000000000,0.012300000000
1325566816,5.137000000000,0.012300000000
1325566816,5.137000000000,0.012300000000
1325566816,5.145960000000,42.060000000000
1325566816,5.145980000000,7.853900000000
1325566817,5.137000000000,0.012300000000
1325566817,5.145980000000,30.506100000000
1325566817,5.146000000000,14.493069130000
1325566817,5.146000000000,3.660000000000
1325566817,5.148500000000,51.328530870000
1325566818,5.137000000000,0.012300000000
1325566818,5.137000000000,0.012300000000
1325566818,5.148500000000,48.153313100000
1325566818,5.149800000000,0.011430000000
1325566818,5.149900000000,1.810656900000
1325566826,5.148700000000,12.660000000000
1325566826,5.148790000000,22.660000000000
1325566826,5.149900000000,14.680000000000
1325566865,5.136900000000,0.012300000000
1325566924,5.135000000000,0.012300000000
1325566924,5.136900000000,0.387700000000
1325566924,5.140000000000,1.100000000000
1325566924,5.145950000000,0.012300000000
1325566924,5.145950000000,0.012300000000
1325566924,5.145950000000,0.012300000000
1325566924,5.145950000000,0.012300000000
1325566924,5.145950000000,0.012300000000
1325566924,5.145950000000,0.012300000000
1325566924,5.145950000000,0.012300000000
1325566924,5.147960000000,39.000000000000
1325566925,5.147980000000,4.899577930000
1325566925,5.149900000000,4.514322070000
1325566933,5.149900000000,49.000000000000
1325566937,5.147960000000,33.100000000000
1325566937,5.149900000000,8.030522420000
1325566937,5.149970000000,8.869477580000
1325566951,5.149960000000,78.000000000000
1325566951,5.149960000000,0.012300000000
1325566951,5.149970000000,1.130522420000
1325566951,5.149980000000,6.542535490000
1325566951,5.150000000000,14.314642090000
1325567036,5.143000000000,0.012300000000
1325567036,5.143000000000,0.012300000000
1325567036,5.143000000000,0.012300000000
1325567036,5.143000000000,0.012300000000
1325567036,5.143000000000,0.012300000000
1325567036,5.143000000000,0.012300000000
1325567036,5.146070000000,38.770000000000
1325567037,5.146090000000,3.660000000000
1325567037,5.146160000000,5.406694050000
1325567037,5.149000000000,2.089505950000
1325567046,5.145170000000,4.519325280000
1325567046,5.149000000000,20.570494050000
1325567046,5.149900000000,0.012300000000
1325567046,5.149900000000,0.012300000000
1325567046,5.149900000000,0.012300000000
1325567046,5.149900000000,0.012300000000
1325567046,5.149900000000,0.012300000000
1325567046,5.149900000000,0.012300000000
1325567046,5.149900000000,0.012300000000
1325567046,5.149900000000,0.012300000000
1325567046,5.149900000000,0.012300000000
1325567046,5.149900000000,0.012300000000
1325567046,5.149900000000,0.012300000000
1325567046,5.149900000000,0.012300000000
1325567046,5.149900000000,0.012300000000
1325567046,5.149900000000,0.012300000000
1325567046,5.149900000000,0.012300000000
1325567046,5.150000000000,24.725680670000
1325567062,5.150000000000,48.829677240000
1325567062,5.150000000000,1.170322760000
1325567067,5.149000000000,18.899999990000
1325567067,5.149000000000,3.660000000000
1325567067,5.150000000000,3.829677240000
1325567067,5.150000000000,0.392483400000
1325567067,5.150000000000,11.800000000000
1325567067,5.150000000000,0.020752400000
1325567068,5.150000000000,5.119100000000
1325567068,5.150000000000,6.277986970000
1325567145,5.149990000000,0.012300000000
1325567145,5.149990000000,0.012300000000
1325567145,5.149990000000,0.012300000000
1325567145,5.149990000000,0.012300000000
1325567145,5.149990000000,0.012300000000
1325567145,5.149990000000,0.012300000000
1325567145,5.149990000000,0.012300000000
1325567145,5.149990000000,0.012300000000
1325567145,5.149990000000,0.012300000000
1325567145,5.149990000000,0.012300000000
1325567145,5.149990000000,0.012300000000
1325567146,5.149990000000,0.012300000000
1325567146,5.149990000000,0.012300000000
1325567146,5.149990000000,0.012300000000
1325567148,5.149990000000,0.012300000000
1325567148,5.149990000000,0.012300000000
1325567148,5.149990000000,0.012300000000
1325567148,5.149990000000,0.012300000000
1325567148,5.149990000000,0.012300000000
1325567148,5.149990000000,0.012300000000
1325567148,5.149990000000,0.012300000000
1325567148,5.149990000000,0.012300000000
1325567148,5.149990000000,0.012300000000
1325567148,5.149990000000,0.012300000000
1325567148,5.149990000000,0.012300000000
1325567148,5.149990000000,0.012300000000
1325567148,5.149990000000,0.012300000000
1325567148,5.149990000000,0.012300000000
1325567148,5.149990000000,0.012300000000
1325567148,5.149990000000,0.012300000000
1325567148,5.149990000000,0.012300000000
1325567148,5.149990000000,0.012300000000
1325567149,5.149990000000,0.012300000000
1325567149,5.150000000000,49.594100000000
1325567228,5.143020000000,5.000000000000
1325567243,5.149990000000,0.012300000000
1325567243,5.149990000000,0.012300000000
1325567244,5.149990000000,0.012300000000
1325567244,5.149990000000,0.012300000000
1325567244,5.149990000000,0.012300000000
1325567244,5.149990000000,0.012300000000
1325567244,5.149990000000,0.012300000000
1325567244,5.149990000000,0.012300000000
1325567244,5.149990000000,0.012300000000
1325567244,5.149990000000,0.012300000000
1325567244,5.149990000000,0.012300000000
1325567244,5.149990000000,0.012300000000
1325567244,5.149990000000,0.012300000000
1325567244,5.149990000000,0.012300000000
1325567244,5.149990000000,0.012300000000
1325567244,5.149990000000,0.012300000000
1325567244,5.149990000000,0.012300000000
1325567244,5.149990000000,0.012300000000
1325567244,5.149990000000,0.012300000000
1325567244,5.149990000000,0.012300000000
1325567244,5.149990000000,0.012300000000
1325567244,5.149990000000,0.012300000000
1325567244,5.149990000000,0.012300000000
1325567244,5.149990000000,0.012300000000
1325567244,5.149990000000,0.012300000000
1325567244,5.149990000000,0.012300000000
1325567244,5.149990000000,0.012300000000
1325567244,5.149990000000,0.012300000000
1325567244,5.149990000000,0.012300000000
1325567244,5.149990000000,0.012300000000
1325567244,5.149990000000,0.012300000000
1325567244,5.149990000000,0.012300000000
1325567244,5.149990000000,0.012300000000
1325567244,5.150000000000,49.594100000000
1325567253,5.150000000000,0.811800000000
1325567253,5.150890000000,2.000326350000
1325567253,5.151300000000,5.000000000000
1325567253,5.151850000000,3.001208460000
1325567253,5.152540000000,0.016790000000
1325567253,5.153250000000,2.458436100000
1325567253,5.153880000000,5.000000000000
1325567253,5.153950000000,0.271870000000
1325567253,5.155670000000,0.065240000000
1325567253,5.157440000000,0.010280000000
1325567253,5.157600000000,0.010000000000
1325567253,5.157600000000,0.010000000000
1325567253,5.158330000000,2.611998240000
1325567253,5.159040000000,5.000000000000
1325567253,5.159280000000,0.026580000000
1325567253,5.159330000000,0.082182760000
1325567254,5.159650000000,3.800000000000
1325567254,5.160000000000,0.392145700000
1325567254,5.160000000000,0.020713200000
1325567254,5.160000000000,19.410429190000
1325567329,5.143020000000,1.060000000000
1325567340,5.149960000000,5.000000000000
1325567340,5.149990000000,0.012300000000
1325567340,5.149990000000,0.012300000000
1325567340,5.149990000000,0.012300000000
1325567340,5.149990000000,0.012300000000
1325567340,5.149990000000,0.012300000000
1325567340,5.149990000000,0.012300000000
1325567340,5.152500000000,0.012300000000
1325567340,5.152530000000,5.000000000000
1325567340,5.155110000000,5.000000000000
1325567340,5.155950000000,0.046022200000
1325567340,5.156210000000,0.030814000000
1325567340,5.156490000000,6.385877340000
1325567340,5.157690000000,5.000000000000
1325567340,5.160000000000,5.589570810000
1325567340,5.160270000000,5.000000000000
1325567340,5.162020000000,8.033340000000
1325567340,5.162850000000,4.828275650000
1325567348,5.149000000000,0.012300000000
1325567348,5.162850000000,0.171724350000
1325567348,5.164080000000,13.036320170000
1325567348,5.165340000000,0.238710000000
1325567348,5.165430000000,5.000000000000
1325567348,5.167600000000,0.010000000000
1325567348,5.167630000000,1.387294650000
1325567348,5.168010000000,5.000000000000
1325567349,5.168230000000,0.086250000000
1325567349,5.168600000000,1.677461100000
1325567349,5.169520000000,0.067100000000
1325567349,5.170000000000,0.392038600000
1325567349,5.170000000000,0.020687800000
1325567349,5.170000000000,11.928000000000
1325567349,5.170590000000,5.000000000000
1325567349,5.171820000000,5.972113330000
1325567415,5.168000000000,10.000000000000
1325567415,5.168000000000,3.480000000000
1325567415,5.171000000000,0.012300000000
1325567415,5.171800000000,3.660000000000
1325567415,5.171820000000,5.310108950000
1325567415,5.172000000000,0.010000000000
1325567415,5.172490000000,0.844127910000
1325567415,5.172760000000,0.899210000000
1325567416,5.173180000000,5.000000000000
1325567416,5.174180000000,15.358525060000
1325567416,5.174190000000,1.466509010000
1325567416,5.174330000000,0.019890000000
1325567416,5.174880000000,7.135568550000
1325567416,5.175770000000,5.000000000000
1325567416,5.176100000000,0.032290000000
1325567416,5.177490000000,2.393293180000
1325567416,5.177600000000,0.010000000000
1325567416,5.177730000000,1.854035960000
1325567416,5.177780000000,0.011910000000
1325567416,5.177870000000,9.900000000000
1325567416,5.178360000000,5.000000000000
1325567416,5.179630000000,3.577116110000
1325567416,5.179900000000,0.040455800000
1325567416,5.179970000000,6.000000000000
1325567416,5.180000000000,0.391914000000
1325567416,5.180000000000,0.020665600000
1325567416,5.180000000000,12.572079870000
1325567427,5.161000000000,0.012300000000
1325567427,5.180000000000,3.070722720000
1325567427,5.180110000000,7.500000000000
1325567427,5.180950000000,5.000000000000
1325567427,5.183180000000,9.746153120000
1325567427,5.183540000000,5.000000000000
1325567427,5.184210000000,0.026660000000
1325567427,5.184410000000,1.055071180000
1325567428,5.184940000000,3.841200000000
1325567428,5.185000000000,20.000000000000
1325567428,5.186130000000,5.000000000000
1325567428,5.186820000000,8.569412900000
1325567428,5.187600000000,0.010000000000
1325567428,5.188720000000,5.000000000000
1325567428,5.189990000000,6.444176870000
1325567428,5.190000000000,0.391825600000
1325567428,5.190000000000,0.020643800000
1325567428,5.190000000000,0.300000000000
1325567428,5.190000000000,19.011833810000
1325567434,5.179690000000,0.014910000000
1325567434,5.190000000000,3.286568020000
1325567434,5.190000000000,2.765324600000
1325567434,5.190000000000,5.000000000000
1325567434,5.190420000000,4.443233560000
1325567434,5.190500000000,50.000000000000
1325567434,5.191300000000,0.121350000000
1325567434,5.191310000000,5.000000000000
1325567434,5.192000000000,10.000000000000
1325567434,5.192120000000,3.430309200000
1325567434,5.192500000000,15.938304620000
1325567460,5.148430000000,2.990000000000
1325567460,5.148430000000,1.000000000000
1325567489,5.188910000000,1.000000000000
1325567520,5.151200000000,1.994000000000
1325567575,5.185500000000,20.000000000000
1325567575,5.188000000000,30.000000000000
1325567587,5.152910000000,0.012300000000
1325567587,5.152910000000,0.012300000000
1325567588,5.152910000000,0.012300000000
1325567589,5.152910000000,0.100000000000
1325567597,5.152910000000,0.012300000000
1325567598,5.152910000000,0.012300000000
1325567599,5.152910000000,0.012300000000
1325567610,5.152910000000,0.012300000000
1325567610,5.152910000000,0.012300000000
1325567610,5.152910000000,0.012300000000
1325567612,5.186680000000,4.733951120000
1325567612,5.187000000000,22.660000000000
1325567612,5.188000000000,22.606048880000
1325567614,5.152910000000,0.012300000000
1325567614,5.152910000000,0.012300000000
1325567615,5.152910000000,0.012300000000
1325567618,5.185480000000,40.390000000000
1325567618,5.188000000000,9.610000000000
1325567619,5.152910000000,0.012300000000
1325567619,5.152910000000,0.012300000000
1325567620,5.152910000000,0.012300000000
1325567620,5.152910000000,0.012300000000
1325567621,5.152910000000,0.012300000000
1325567624,5.152910000000,0.012300000000
1325567625,5.185500000000,3.660000000000
1325567625,5.188000000000,36.783951120000
1325567625,5.188000000000,3.660000000000
1325567625,5.188000000000,5.896048880000
1325567625,5.152910000000,0.012300000000
1325567628,5.152910000000,0.012300000000
1325567628,5.152910000000,0.012300000000
1325567628,5.152910000000,0.012300000000
1325567628,5.152910000000,0.012300000000
1325567629,5.152910000000,0.012300000000
1325567633,5.187000000000,10.000000000000
1325567633,5.188000000000,6.763951120000
1325567633,5.188000000000,3.660000000000
1325567633,5.188300000000,29.576048880000
1325567633,5.152910000000,0.012300000000
1325567633,5.152910000000,0.012300000000
1325567635,5.152910000000,0.012300000000
1325567635,5.152910000000,0.012300000000
1325567636,5.152910000000,0.012300000000
1325567636,5.152910000000,0.012300000000
1325567641,5.188300000000,50.000000000000
1325567648,5.188000000000,19.000000000000
1325567648,5.188280000000,31.000000000000
1325567655,5.187680000000,4.603918470000
1325567655,5.188280000000,1.880000000000
1325567655,5.188300000000,20.423951120000
1325567655,5.188910000000,4.407760290000
1325567655,5.192500000000,9.617245380000
1325567655,5.193240000000,4.903332880000
1325567655,5.193630000000,0.429250000000
1325567655,5.193910000000,3.734541860000
1325567666,5.180000000000,0.012300000000
1325567666,5.180000000000,0.012300000000
1325567666,5.188300000000,3.660000000000
1325567666,5.188300000000,12.660000000000
1325567666,5.193910000000,1.265458140000
1325567666,5.194290000000,0.077570000000
1325567666,5.195000000000,11.992939310000
1325567666,5.195000000000,20.319432550000
1325567673,5.180000000000,0.012300000000
1325567673,5.180000000000,0.012300000000
1325567673,5.180000000000,0.012300000000
1325567673,5.193530000000,0.015009400000
1325567673,5.194000000000,22.660000000000
1325567673,5.195900000000,27.288090600000
1325567674,5.154030000000,1.660000000000
1325567678,5.154030000000,1.000000000000
1325567682,5.180000000000,0.012300000000
1325567682,5.180000000000,0.012300000000
1325567682,5.180000000000,0.012300000000
1325567682,5.180000000000,0.012300000000
1325567682,5.194980000000,35.227527340000
1325567687,5.180000000000,0.002028950000
1325567690,5.154030000000,1.000000000000
1325567702,5.180000000000,0.010271050000
1325567702,5.180000000000,0.012300000000
1325567702,5.180000000000,0.012300000000
1325567702,5.192500000000,12.660000000000
1325567702,5.195880000000,37.305128950000
1325567708,5.180000000000,0.012300000000
1325567708,5.180000000000,0.012300000000
1325567708,5.180000000000,0.012300000000
1325567708,5.180000000000,0.012300000000
1325567708,5.180000000000,0.012300000000
1325567708,5.195900000000,49.938500000000
1325567709,5.160000000000,4.747569500000
1325567713,5.180000000000,0.012300000000
1325567713,5.180000000000,0.012300000000
1325567713,5.180000000000,0.012300000000
1325567713,5.180000000000,0.012300000000
1325567713,5.180000000000,0.012300000000
1325567713,5.180000000000,0.012300000000
1325567713,5.180000000000,0.012300000000
1325567713,5.192480000000,45.800000000000
1325567713,5.195900000000,4.113900000000
1325567724,5.161450000000,0.565000000000
1325567727,5.194480000000,4.676586760000
1325567728,5.194890000000,22.660000000000
1325567728,5.195900000000,22.663413240000
1325567731,5.195880000000,31.590000000000
1325567731,5.195900000000,15.678513670000
1325567731,5.195900000000,2.731486330000
1325567732,5.161450000000,1.496598010000
1325567733,5.161450000000,0.333536070000
1325567737,5.190000000000,0.012300000000
1325567737,5.190000000000,0.012300000000
1325567737,5.190000000000,0.012300000000
1325567737,5.190000000000,0.012300000000
1325567737,5.193900000000,49.950800000000
1325567740,5.161450000000,2.000000000000
1325567741,5.190000000000,0.012300000000
1325567741,5.190000000000,0.012300000000
1325567741,5.190000000000,0.012300000000
1325567741,5.193900000000,49.963100000000
1325567742,5.161450000000,0.233424230000
1325567745,5.161450000000,1.766575770000
1325567746,5.190000000000,0.012300000000
1325567746,5.190000000000,0.012300000000
1325567746,5.193900000000,0.086100000000
1325567746,5.196000000000,48.122724230000
1325567755,5.190000000000,0.012300000000
1325567755,5.190000000000,0.012300000000
1325567755,5.190000000000,0.012300000000
1325567755,5.190000000000,0.012300000000
1325567755,5.190000000000,0.012300000000
1325567755,5.190000000000,0.012300000000
1325567755,5.196000000000,49.926200000000
1325567760,5.190000000000,0.012300000000
1325567760,5.190000000000,0.012300000000
1325567760,5.190000000000,0.012300000000
1325567760,5.190000000000,0.012300000000
1325567762,5.195980000000,37.880000000000
1325567762,5.196000000000,1.951075770000
1325567762,5.196510000000,5.000000000000
1325567762,5.197080000000,1.062597940000
1325567762,5.197100000000,0.294385970000
1325567762,5.197100000000,0.283938460000
1325567762,5.197190000000,0.250000000000
1325567762,5.197600000000,0.010000000000
1325567762,5.197680000000,1.314147540000
1325567762,5.199110000000,5.000000000000
1325567762,5.199730000000,8.178693590000
1325567762,5.199790000000,2.894343150000
1325567762,5.199800000000,19.900000000000
1325567763,5.199900000000,15.980817580000
1325567763,5.190000000000,0.012300000000
1325567763,5.190000000000,0.012300000000
1325567766,5.190000000000,0.012300000000
1325567766,5.190000000000,0.012300000000
1325567766,5.190000000000,0.012300000000
1325567766,5.196000000000,0.012300000000
1325567772,5.199900000000,4.817457190000
1325567772,5.199990000000,45.182542810000
1325567774,5.196000000000,0.012300000000
1325567775,5.196000000000,0.012300000000
1325567776,5.196000000000,0.213100000000
1325567778,5.160000000000,8.828108520000
1325567783,5.160000000000,2.171891480000
1325567783,5.190000000000,0.045895790000
1325567783,5.190000000000,0.012300000000
1325567783,5.190000000000,0.012300000000
1325567783,5.190000000000,0.012300000000
1325567783,5.190000000000,0.012300000000
1325567783,5.199450000000,1.137796330000
1325567783,5.199900000000,0.136770000000
1325567784,5.199990000000,46.458446400000
1325567798,5.190000000000,0.012300000000
1325567798,5.190000000000,0.012300000000
1325567798,5.190000000000,0.012300000000
1325567798,5.190000000000,0.012300000000
1325567798,5.190000000000,0.012300000000
1325567798,5.190000000000,0.012300000000
1325567798,5.190000000000,0.012300000000
1325567798,5.199990000000,8.069010790000
1325567798,5.200000000000,6.837017330000
1325567798,5.200000000000,0.500000000000
1325567798,5.200000000000,0.500000000000
1325567798,5.200000000000,9.529319230000
1325567798,5.200000000000,0.500000000000
1325567798,5.200000000000,0.500000000000
1325567798,5.200000000000,0.500000000000
1325567798,5.200000000000,1.486331930000
1325567798,5.200000000000,0.300000000000
1325567798,5.200000000000,0.500000000000
1325567798,5.200000000000,9.529319230000
1325567798,5.200000000000,0.500000000000
1325567798,5.200000000000,10.662901490000
1325567801,5.200000000000,1.137098510000
1325567802,5.200000000000,0.391783900000
1325567802,5.200000000000,0.020622400000
1325567802,5.200000000000,2.000000000000
1325567802,5.200000000000,1.958000000000
1325567802,5.200000000000,5.000000000000
1325567802,5.200000000000,5.000000000000
1325567802,5.200000000000,20.000000000000
1325567802,5.200000000000,10.000000000000
1325567802,5.200560000000,4.492495190000
1325567858,5.166330000000,0.900000000000
1325567861,5.190000000000,0.012300000000
1325567861,5.198970000000,4.679434320000
1325567861,5.199990000000,0.012300000000
1325567861,5.199990000000,0.012300000000
1325567861,5.199990000000,0.012300000000
1325567861,5.199990000000,0.012300000000
1325567861,5.199990000000,0.012300000000
1325567861,5.199990000000,0.012300000000
1325567861,5.199990000000,0.012300000000
1325567861,5.199990000000,0.012300000000
1325567862,5.199990000000,0.012300000000
1325567862,5.199990000000,0.012300000000
1325567862,5.199990000000,0.012300000000
1325567862,5.199990000000,0.012300000000
1325567862,5.199990000000,0.012300000000
1325567862,5.199990000000,0.012300000000
1325567862,5.199990000000,0.012300000000
1325567862,5.199990000000,0.012300000000
1325567862,5.199990000000,0.012300000000
1325567862,5.200560000000,2.940789340000
1325567862,5.200580000000,0.151710000000
1325567862,5.201710000000,5.000000000000
1325567862,5.201770000000,1.064167560000
1325567862,5.201790000000,0.053650000000
1325567862,5.203880000000,8.771380880000
1325567862,5.204040000000,0.010370000000
1325567862,5.204310000000,5.000000000000
1325567862,5.205140000000,3.926666340000
1325567862,5.205260000000,0.029470000000
1325567862,5.205270000000,0.028720000000
1325567862,5.205340000000,0.853880000000
1325567862,5.206220000000,1.093850820000
1325567862,5.206270000000,0.065080000000
1325567862,5.206860000000,1.117375940000
1325567862,5.206880000000,0.185490000000
1325567862,5.206910000000,5.000000000000
1325567863,5.206980000000,0.021530000000
1325567863,5.206990000000,6.106922240000
1325567863,5.207600000000,0.010000000000
1325567863,5.208980000000,3.668112560000
1325567869,5.199990000000,0.012300000000
1325567869,5.199990000000,0.012300000000
1325567869,5.199990000000,0.012300000000
1325567869,5.208980000000,3.574694370000
1325567869,5.209390000000,7.914920000000
1325567869,5.209510000000,5.000000000000
1325567869,5.209560000000,1.148595960000
1325567869,5.209680000000,0.069650000000
1325567870,5.209720000000,0.182530000000
1325567870,5.209740000000,0.906906520000
1325567870,5.210000000000,3.400000000000
1325567870,5.210000000000,0.391530800000
1325567870,5.210000000000,0.020591100000
1325567870,5.210000000000,0.425153570000
1325567870,5.211120000000,9.501877480000
1325567870,5.211340000000,0.105330000000
1325567870,5.211970000000,2.199648190000
1325567870,5.212110000000,5.000000000000
1325567870,5.212150000000,2.040280000000
1325567870,5.212730000000,0.975939560000
1325567870,5.213960000000,1.594801200000
1325567870,5.214720000000,5.000000000000
1325567870,5.215590000000,0.510651250000
1325567874,5.215590000000,22.987022940000
1325567874,5.215880000000,1.964609910000
1325567874,5.217330000000,5.000000000000
1325567874,5.217540000000,3.974783230000
1325567874,5.217560000000,0.014711200000
1325567874,5.217600000000,0.010000000000
1325567874,5.218190000000,1.866341990000
1325567874,5.218400000000,0.066600000000
1325567874,5.219830000000,5.120431430000
1325567874,5.219940000000,5.000000000000
1325567874,5.220000000000,0.391482300000
1325567875,5.220000000000,0.020577200000
1325567875,5.220000000000,3.583439800000
1325567893,5.199990000000,0.012300000000
1325567893,5.199990000000,0.012300000000
1325567893,5.199990000000,0.012300000000
1325567893,5.199990000000,0.012300000000
1325567893,5.199990000000,0.012300000000
1325567893,5.199990000000,0.012300000000
1325567893,5.199990000000,0.012300000000
1325567893,5.199990000000,0.012300000000
1325567893,5.199990000000,0.012300000000
1325567893,5.199990000000,0.012300000000
1325567893,5.199990000000,0.012300000000
1325567893,5.199990000000,0.012300000000
1325567893,5.199990000000,0.012300000000
1325567893,5.220000000000,1.416560200000
1325567894,5.220230000000,4.590238020000
1325567894,5.221650000000,0.382760000000
1325567894,5.222550000000,5.000000000000
1325567894,5.223680000000,7.285513900000
1325567894,5.224000000000,31.165027880000
1325567902,5.199990000000,0.012300000000
1325567902,5.213680000000,6.397960290000
1325567902,5.224000000000,43.589739710000
1325567916,5.223990000000,10.050000000000
1325567916,5.224000000000,19.945232410000
1325567916,5.224600000000,0.029422400000
1325567917,5.225160000000,2.338966870000
1325567917,5.227440000000,11.048471360000
1325567917,5.227600000000,0.010000000000
1325567917,5.228910000000,0.780751650000
1325567917,5.229000000000,0.520120000000
1325567917,5.229000000000,5.277035310000
1325567918,5.200000000000,0.012300000000
1325567922,5.223980000000,34.820000000000
1325567922,5.229000000000,4.722964690000
1325567922,5.229850000000,6.739510730000
1325567923,5.230000000000,2.883757020000
1325567923,5.230000000000,0.391355400000
1325567923,5.230000000000,0.020569600000
1325567923,5.230000000000,0.421842560000
1325567925,5.230000000000,50.000000000000
1325567929,5.221000000000,20.000000000000
1325567929,5.230000000000,30.000000000000
1325567943,5.200000000000,0.086200000000
1325567943,5.187850000000,0.144430620000
1325567947,5.219990000000,0.012300000000
1325567947,5.219990000000,0.012300000000
1325567947,5.219990000000,0.012300000000
1325567947,5.219990000000,0.012300000000
1325567947,5.219990000000,0.012300000000
1325567947,5.230000000000,49.938500000000
1325567947,5.230000000000,50.000000000000
1325567959,5.190210000000,0.308531500000
1325567973,5.219990000000,0.012300000000
1325567973,5.219990000000,0.012300000000
1325567973,5.219990000000,0.012300000000
1325567973,5.220000000000,10.000000000000
1325567974,5.222900000000,4.698060210000
1325567974,5.228790000000,22.660000000000
1325567974,5.230000000000,12.605039790000
1325567979,5.219990000000,0.012300000000
1325567979,5.219990000000,0.012300000000
1325567979,5.219990000000,0.012300000000
1325567979,5.219990000000,0.012300000000
1325567979,5.219990000000,0.012300000000
1325567979,5.230000000000,49.938500000000
1325567984,5.219990000000,0.012300000000
1325567984,5.219990000000,0.012300000000
1325567984,5.219990000000,0.012300000000
1325567984,5.219990000000,0.012300000000
1325567984,5.230000000000,49.950800000000
1325567991,5.190210000000,1.020881280000
1325568007,5.190210000000,3.350027440000
1325568008,5.187900000000,0.991543700000
1325568020,5.219990000000,0.012300000000
1325568020,5.219990000000,0.012300000000
1325568020,5.219990000000,0.012300000000
1325568020,5.219990000000,0.012300000000
1325568020,5.219990000000,0.012300000000
1325568020,5.219990000000,0.012300000000
1325568020,5.219990000000,0.012300000000
1325568020,5.219990000000,0.012300000000
1325568020,5.219990000000,0.012300000000
1325568021,5.219990000000,0.012300000000
1325568021,5.219990000000,0.012300000000
1325568021,5.219990000000,0.012300000000
1325568021,5.219990000000,0.012300000000
1325568021,5.219990000000,0.012300000000
1325568021,5.219990000000,0.012300000000
1325568021,5.230000000000,49.815500000000
1325568022,5.227910000000,5.044303320000
1325568022,5.230000000000,44.955696680000
1325568031,5.230000000000,50.000000000000
1325568036,5.219990000000,0.012300000000
1325568036,5.230000000000,49.987700000000
1325568045,5.192590000000,1.722552990000
1325568171,5.193720000000,0.010000000000
1325568191,5.193720000000,0.010000000000
1325568210,5.219990000000,0.069978350000
1325568243,5.220000000000,3.220800000000
1325568277,5.220000000000,37.130721650000
1325568298,5.228180000000,0.142196710000
1325568301,5.164300000000,3.660000000000
1325568301,5.164300000000,5.589550000000
1325568427,5.227980000000,34.110000000000
1325568428,5.228000000000,3.660000000000
1325568428,5.228100000000,12.230000000000
1325568516,5.218970000000,0.237000000000
1325568540,5.220000000000,0.097909000000
1325568658,5.220000000000,0.081500000000
1325568751,5.228000000000,3.660000000000
1325568751,5.228000000000,3.660000000000
1325568751,5.228000000000,12.660000000000
1325568757,5.228010000000,66.070000000000
1325568774,5.228200000000,0.110848850000
1325568797,5.228200000000,3.549151150000
1325568806,5.228210000000,3.930000000000
1325568844,5.228210000000,2.169650000000
1325568859,5.228210000000,5.000000000000
1325568862,5.228210000000,10.993883180000
1325568931,5.220000000000,0.187591000000
1325568931,5.220000000000,0.000203060000
1325568945,5.200000000000,10.000000000000
1325568945,5.200000000000,3.660000000000
1325568945,5.193900000000,0.385996540000
1325568945,5.193720000000,4.676178130000
1325568945,5.179700000000,0.011040000000
1325568945,5.173750000000,0.166560000000
1325568945,5.165300000000,22.660000000000
1325568945,5.165000000000,1.000000000000
1325568945,5.164210000000,32.122917100000
1325568945,5.163810000000,0.031270000000
1325568945,5.160560000000,4.555524590000
1325568957,5.160000000000,22.660000000000
1325569046,5.170000000000,0.812205940000
1325569068,5.196080000000,1.275546890000
1325569068,5.196080000000,1.550000000000