1312001384,13.54126000,0.08633535
1312001384,13.53883000,0.06366465
1312001499,13.54125000,0.10825814
1312001503,13.54125000,0.04331892
1312001503,13.54125000,0.04331102
1312001504,13.54125000,0.04330287
1312001505,13.54125000,0.04329441
1312001505,13.53908000,0.04332662
1312001505,13.53883000,0.05627653
1312001505,13.53672000,0.04333416
1312001505,13.53645000,0.02513650
1312001505,13.53645000,0.06722952
1312001506,13.53645000,0.02759622
1312001506,13.53440000,0.03963330
1312001510,13.53440000,0.00370828
1312001510,13.53411000,0.06352124
1312001511,13.53411000,0.05646173
1312001511,13.53211000,0.01076779
1312001511,13.53211000,0.03258113
1312001511,13.53180000,0.03464839
1312001511,13.53180000,0.06722952
1312001512,13.53180000,0.01812555
1312001512,13.52984000,0.04335620
1312001512,13.52951000,0.00574777
1312001512,13.52951000,0.06722952
1312001513,13.52951000,0.04704651
1312001513,13.52758000,0.02018301
1312001513,13.52758000,0.02318044
1312001513,13.52723000,0.04404908
1312001793,13.52723000,0.07599027
1312001799,13.52722000,0.16742281
1312001800,13.52722000,0.06706221
1312001800,13.52722000,0.06705099
1312001801,13.52722000,0.06703974
1312001801,13.52722000,0.06702839
1312001802,13.52722000,0.06701692
1312001802,13.52722000,0.06700525
1312001803,13.52722000,0.06699334
1312001803,13.52722000,0.06698113
1312001804,13.52722000,0.06696852
1312001804,13.52722000,0.06695544
1312001805,13.52363000,0.23885023
1312001806,13.52363000,0.09554009
1312001807,13.52363000,0.09554009
1312001807,13.52363000,0.09554009
1312001807,13.52363000,0.09554009
1312001808,13.52363000,0.09554009
1312001808,13.52363000,0.09554009
1312001809,13.52363000,0.09554009
1312001809,13.52363000,0.09554009
1312002004,13.52544000,0.09554009
1312002086,13.52722000,0.19664055
1312002099,13.52722000,0.21886769
1312002100,13.52722000,0.08766827
1312002100,13.52722000,0.00132312
1312002101,13.52770000,0.08633054
1312002102,13.52770000,0.00920955
1312002111,13.54950000,0.08752926
1312002111,13.54686000,0.07947317
1312002114,13.54686000,0.00807312
1312002114,13.54432000,0.05872785
1312002115,13.54432000,0.02883485
1312002115,13.54186000,0.03796612
1312002115,13.54186000,0.04961249
1312002115,13.53947000,0.01718848
1312002117,13.53947000,0.06680097
1312002118,13.53947000,0.00360466
1312002118,13.53712000,0.06319631
1312002118,13.53712000,0.02441299
1312002118,13.53481000,0.04238798
1312002118,13.53481000,0.04523626
1312002118,13.53253000,0.02156471
1312002119,13.53253000,0.05686475
1312002119,13.52363000,0.00993622
1312002120,13.52363000,0.06680097
1312002120,13.52363000,0.06680097
1312002405,13.54972000,0.07417769
1312002405,13.54709000,0.07419214
1312002405,13.54696000,0.06994788
1312002405,13.54696000,0.08732708
1312002406,13.54696000,0.02820704
1312002406,13.54455000,0.05912004
1312002406,13.54455000,0.01508601
1312002406,13.54208000,0.07224107
1312002407,13.54208000,0.00197847
1312002407,13.53969000,0.07423268
1312002407,13.53734000,0.01111593
1312002407,13.53734000,0.06312963
1312002407,13.53503000,0.02419745
1312002408,13.53503000,0.05006078
1312002408,13.53275000,0.03726630
1312002408,13.53275000,0.03700445
1312002408,13.53048000,0.05032263
1312002409,13.53048000,0.02396054
1312002409,13.52823000,0.06336654
1312002409,13.52823000,0.01092699
1312002409,13.52363000,0.07640009
1312002410,13.52363000,0.08732708
1312002684,13.52363000,2.95331902
1312002697,13.52363000,0.10000000
1312002707,13.54994000,0.08698767
1312002707,13.54730000,0.08700462
1312002707,13.54718000,0.01102327
1312002708,13.54718000,0.07400622
1312002708,13.54718000,0.07400622
1312002708,13.54718000,0.05847779
1312002709,13.54476000,0.01552843
1312002709,13.54476000,0.07149252
1312002709,13.54229000,0.00251370
1312002710,13.54229000,0.07400622
1312002710,13.54229000,0.01051685
1312002710,13.53990000,0.06348937
1312002711,13.53990000,0.02356283
1312002711,13.53755000,0.05044339
1312002711,13.53755000,0.03662391
1312002711,13.53523000,0.03738231
1312002712,13.53523000,0.04969986
1312002712,13.53295000,0.02430636
1312002712,13.53295000,0.06279050
1312002712,13.53069000,0.01121572
1312002827,13.53069000,0.07589573
1312002827,13.52843000,0.08712393
1312002827,13.52363000,1.75698034
1312003005,13.55013000,0.07374261
1312003005,13.54749000,0.07375696
1312003005,13.54737000,0.06946706
1312003005,13.54737000,0.08678665
1312003005,13.54737000,0.02814033
1312003006,13.54495000,0.05864632
1312003006,13.54495000,0.01512446
1312003006,13.54249000,0.07166219
1312003007,13.54249000,0.00212199
1312003007,13.54009000,0.07379724
1312003007,13.53775000,0.01086742
1312003007,13.53775000,0.06294261
1312003007,13.53544000,0.02384404
1312003008,13.53544000,0.04997858
1312003008,13.53316000,0.03680807
1312003008,13.53316000,0.03702699
1312003008,13.53090000,0.04975966
1312003008,13.53090000,0.02408775
1312003009,13.52864000,0.06269890
1312003009,13.52864000,0.01115479
1312003009,13.52363000,0.07563186
1312003010,13.52363000,0.08678665
1312003208,13.52363000,1.00000000
1312003307,13.55022000,0.08645001
1312003307,13.54758000,0.08646685
1312003307,13.54746000,0.01101262
1312003307,13.54746000,0.07357179
1312003308,13.54746000,0.07357179
1312003308,13.54746000,0.05801286
1312003309,13.54504000,0.01555893
1312003309,13.54504000,0.07092414
1312003309,13.54258000,0.00264765
1312003309,13.54258000,0.07357179
1312003310,13.54258000,0.01027935
1312003310,13.54018000,0.06329244
1312003310,13.54018000,0.02322167
1312003310,13.53783000,0.05035012
1312003311,13.53783000,0.03617899
1312003311,13.53552000,0.03739280
1312003311,13.53552000,0.04915108
1312003311,13.53324000,0.02442071
1312003312,13.53324000,0.06213777
1312003312,13.53098000,0.01143402
1312003430,13.53098000,0.07513894
1312003604,13.55017000,0.07331144
1312003604,13.54753000,0.07332571
1312003604,13.54741000,0.05172325
1312003605,13.54741000,0.07934416
1312003605,13.54741000,0.05224850
1312003605,13.54499000,0.02709566
1312003606,13.54499000,0.04624379
1312003606,13.54253000,0.03310037
1312003606,13.54253000,0.04025240
1312003606,13.54014000,0.03909176
1312003607,13.54014000,0.03427399
1312003607,13.53779000,0.04507017
1312003607,13.53779000,0.02830830
1312003607,13.53548000,0.05103586
1312003608,13.53548000,0.02235512
1312003608,13.53320000,0.05698904
1312003608,13.53320000,0.01641431
1312003608,13.53094000,0.06292985
1312003608,13.53094000,0.01048577
1312003608,13.52872000,0.06885839
1312003609,13.52872000,0.01772629
1312003609,13.52869000,0.06161787
1312003676,13.52869000,0.01180461
1312003778,13.52363000,8.14543571
1312003778,13.52363000,7.72000000
1312003778,13.52000000,0.01000000
1312003778,13.51958000,12.20400000
1312003778,13.51875000,0.97656401
1312003778,13.51009000,1.09219567
1312003899,13.52900000,0.19765771
1312003900,13.52900000,0.07915917
1312003900,13.52900000,0.07914596
1312003901,13.52900000,0.07913264
1312003901,13.52900000,0.07911917
1312003902,13.52900000,0.07910549
1312003902,13.52900000,0.07909151
1312003903,13.52900000,0.07907717
1312003903,13.52900000,0.07906238
1312003904,13.52900000,0.07904702
1312003904,13.52866000,0.07917233
1312003904,13.51009000,0.12094682
1312003908,13.51009000,0.08004766
1312003909,13.51009000,0.08004766
1312003982,13.51238000,0.08004766
1312004116,13.51483000,0.08004766
1312004199,13.51722000,0.08004766
1312004199,13.51957000,0.02363022
1312004199,13.51957000,0.04152634
1312004200,13.51957000,0.01489110
1312004200,13.52187000,0.02662859
1312004200,13.52187000,0.04151302
1312004201,13.52187000,0.01190605
1312004201,13.52415000,0.02960024
1312004201,13.52415000,0.04149949
1312004201,13.52415000,0.00894793
1312004202,13.52641000,0.03254464
1312004202,13.52641000,0.04148551
1312004203,13.52641000,0.00601751
1312004203,13.52866000,0.03546076
1312004203,13.52866000,0.04147079
1312004204,13.52866000,0.00311611
1312004204,13.52900000,0.03834693
1312004204,13.51483000,0.19716085
1312004208,13.51483000,0.07886434
1312004208,13.51483000,0.07886434
1312004209,13.51483000,0.07886434
1312004209,13.51483000,0.07886434
1312004251,13.51681000,0.07886434
1312004499,13.51906000,0.07886434
1312004499,13.52128000,0.07886434
1312004499,13.52348000,0.05568684
1312004500,13.52348000,0.02317750
1312004500,13.52565000,0.06230055
1312004500,13.52565000,0.01656379
1312004500,13.52782000,0.06890079
1312004501,13.52782000,0.00996355
1312004501,13.52900000,0.07548750
1312004501,13.52900000,0.08543742
1312004502,13.52900000,0.08542363
1312004502,13.52900000,0.08540962
1312004504,13.52900000,0.08539531
1312004504,13.52900000,0.08538063
1312004505,13.52900000,0.08536549
1312004506,13.52900000,0.08534976
1312004509,13.51009000,0.10341540
1312004513,13.51009000,0.04136616
1312004514,13.51009000,0.04136616
1312004543,13.51198000,0.04136616
1312004626,13.51198000,3.20000000
1312004678,13.51430000,0.04136616
1312004706,13.51431000,0.13000000
1312004790,13.51431000,0.11000000
1312004799,13.51657000,0.04136616
1312004799,13.51879000,0.04136616
1312004799,13.52098000,0.04136616
1312004799,13.52314000,0.00807745
1312004799,13.52314000,0.03328871
1312004800,13.52528000,0.01964982
1312004800,13.52528000,0.02171634
1312004800,13.52741000,0.03121398
1312004800,13.52741000,0.01015218
1312004800,13.52900000,0.04276990
1312004801,13.52900000,0.05291377
1312004801,13.52900000,0.05290537
1312004802,13.52900000,0.05289683
1312004802,13.52900000,0.05288811
1312004803,13.52900000,0.05287916
1312004803,13.52900000,0.05286993
1312004804,13.52900000,0.05286035
1312004804,13.51431000,0.21287367
1312004807,13.51658000,0.08514947
1312004808,13.51658000,0.08514947
1312004808,13.51658000,0.08514947
1312004808,13.51658000,0.08514947
1312004809,13.51658000,0.08514947
1312004913,13.51853000,0.08514947
1312004913,13.52068000,0.08514947
1312004913,13.52280000,0.08514947
1312004913,13.52491000,0.08514947
1312004913,13.52701000,0.08514947
1312004913,13.52900000,20.67425265
1312005102,13.52900000,0.26136817
1312005103,13.52900000,0.10464781
1312005104,13.52900000,0.10463166
1312005104,13.52900000,0.10461532
1312005104,13.52900000,0.10459871
1312005105,13.52900000,0.10458176
1312005106,13.52900000,0.10456436
1312005106,13.52900000,0.10454641
1312005106,13.52900000,0.10452778
1312005107,13.52870000,0.10466383
1312005107,13.52664000,0.02717553
1312005107,13.52664000,0.05273574
1312005108,13.52664000,0.02476853
1312005110,13.51658000,0.05273574
1312005110,13.51658000,0.05273574
1312005111,13.51658000,0.05273574
1312005111,13.51658000,0.03901800
1312005112,13.51009000,0.01371774
1312005112,13.51009000,0.05273574
1312005220,13.51009000,5.83000000
1312005256,13.51830000,0.05273574
1312005306,13.52041000,0.05273574
1312005306,13.52250000,0.05273574
1312005306,13.52457000,0.02796721
1312005307,13.52900000,5.86656131
1312005399,13.52900000,0.13139869
1312005400,13.52900000,0.05260915
1312005401,13.52900000,0.05260117
1312005401,13.52900000,0.05259310
1312005402,13.52900000,0.05258489
1312005402,13.52900000,0.05257652
1312005403,13.52900000,0.05256792
1312005403,13.52900000,0.05255905
1312005404,13.52900000,0.05254985
1312005404,13.52830000,0.05261707
1312005404,13.52627000,0.05262496
1312005404,13.51840000,0.15545865
1312005407,13.51840000,0.10428027
1312005407,13.51840000,0.10428027
1312005408,13.51840000,0.10428027
1312005408,13.51840000,0.10428027
1312005409,13.51840000,0.10428027
1312005409,13.51840000,0.10428027
1312005542,13.52015000,0.10428027
1312005634,13.52220000,0.10428027
1312005699,13.52424000,0.10428027
1312005699,13.52627000,0.10428027
1312005699,13.52900000,0.00948303
1312005701,13.52900000,0.08729913
1312005701,13.52900000,0.08728601
1312005702,13.52900000,0.08727273
1312005705,13.52900000,0.08725923
1312005707,13.52900000,0.08724546
1312005710,13.52900000,0.08723132
1312005710,13.52900000,0.08721673
1312005710,13.52900000,0.08720159
1312005711,13.52801000,0.08731215
1312005711,13.52600000,0.04374996
1312005712,13.52600000,0.04357517
1312005714,13.52221000,0.05242484
1312005715,13.52221000,0.05242484
1312005715,13.52221000,0.05242484
1312005716,13.52221000,0.05242484
1312005717,13.52221000,0.05242484
1312005718,13.52221000,0.05242484
1312005718,13.52221000,0.05242484
1312005719,13.52221000,0.05242484
1312005819,13.52399000,0.05242484
1312005963,13.52600000,0.00884967
1312005999,13.52900000,0.17216139
1312006001,13.52900000,0.06892904
1312006001,13.52900000,0.06891868
1312006002,13.52900000,0.06890820
1312006002,13.52900000,0.06889755
1312006003,13.52900000,0.06888668
1312006003,13.52900000,0.06887552
1312006004,13.52900000,0.06886401
1312006004,13.52900000,0.06885205
1312006005,13.52797000,0.06893932
1312006005,13.52601000,0.14854488
1312006005,13.52601000,0.08699368
1312006006,13.52601000,0.08699368
1312006006,13.52601000,0.08699368
1312006007,13.52601000,0.08699368
1312006007,13.52601000,0.08699368
1312006008,13.52601000,0.08699368
1312006008,13.52601000,0.08699368
1312006009,13.52601000,0.08699368
1312006009,13.52601000,0.08699368
1312006010,13.52601000,0.08699368
1312006233,13.52900000,7.00000000
1312006299,13.52900000,0.21667090
1312006300,13.52900000,0.08674950
1312006301,13.52900000,0.08673647
1312006301,13.52900000,0.08672328
1312006302,13.52900000,0.08670988
1312006302,13.52900000,0.08669620
1312006303,13.52900000,0.08668216
1312006303,13.52900000,0.08666767
1312006304,13.52900000,0.08665263
1312006304,13.52794000,0.08676244
1312006304,13.52601000,0.07120870
1312006305,13.52601000,0.06318846
1312006305,13.52601000,0.06318846
1312006306,13.52601000,0.06318846
1312006306,13.52601000,0.06318846
1312006307,13.52601000,0.06318846
1312006307,13.52601000,0.06318846
1312006308,13.52601000,0.06318846
1312006308,13.52601000,0.06318846
1312006309,13.52601000,0.06318846
1312006309,13.52601000,0.06318846
1312006339,13.52601000,0.62757535
1312006339,13.52601000,0.33919906
1312006407,13.52596000,0.06894956
1312006434,13.52595000,0.93105044
1312006434,13.52900000,0.99593493
1312006589,13.52900000,0.47358222
1312006599,13.52900000,0.15743737
1312006601,13.52900000,0.06303387
1312006601,13.52900000,0.06302440
1312006602,13.52900000,0.06301483
1312006603,13.52900000,0.06300510
1312006603,13.52900000,0.06299516
1312006603,13.52900000,0.06298497
1312006604,13.52900000,0.06297445
1312006604,13.52900000,0.06296353
1312006605,13.52787000,0.06304326
1312006605,13.52593000,0.08677533
1312006605,13.52586000,0.06274194
1312006605,13.52586000,0.00031068
1312006606,13.52221000,0.08502421
1312006607,13.52221000,0.08502421
1312006607,13.52221000,0.08502421
1312006608,13.52221000,0.08502421
1312006608,13.52221000,0.08502421
1312006609,13.52221000,0.08502421
1312006609,13.52221000,0.08502421
1312006609,13.52221000,0.08502421
1312006903,13.52385000,0.08502421
1312006903,13.52385000,0.09289554
1312006903,13.52385000,0.07125532
1312006904,13.52385000,0.07124479
1312006904,13.52385000,0.07123422
1312006905,13.52385000,0.07122356
1312006905,13.52385000,0.07121279
1312006906,13.52385000,0.07120183
1312006906,13.52385000,0.07119065
1312006907,13.52385000,0.07117918
1312006907,13.52385000,0.07116734
1312006908,13.52385000,0.07115505
1312006908,13.52221000,0.17433640
1312006910,13.52221000,0.06973456
1312006910,13.52221000,0.06973456
1312006911,13.52221000,0.06973456
1312006911,13.52221000,0.06973456
1312006912,13.52221000,0.06973456
1312006912,13.52221000,0.06973456
1312006913,13.52221000,0.06973456
1312006913,13.52221000,0.06973456
1312006949,13.52368000,0.06973456
1312006949,13.52385000,1.13026544
1312007199,13.52385000,0.06953429
1312007199,13.52568000,0.06973456
1312007199,13.52586000,0.03750339
1312007200,13.52586000,0.04721014
1312007201,13.52900000,0.07077451
1312007201,13.52900000,0.07076397
1312007202,13.52900000,0.07075331
1312007202,13.52900000,0.07074247
1312007202,13.52900000,0.07073140
1312007203,13.52900000,0.07072005
1312007204,13.52900000,0.07070834
1312007204,13.52900000,0.07069618
1312007204,13.52749000,0.02357483
1312007204,13.52550000,0.07079539
1312007205,13.52221000,0.08309269
1312007206,13.52221000,0.07098516
1312007206,13.52221000,0.07098516
1312007207,13.52221000,0.07098516
1312007207,13.52221000,0.07098516
1312007208,13.52221000,0.07098516
1312007209,13.52221000,0.07098516
1312007209,13.52221000,0.07098516
1312007210,13.52221000,0.07098516
1312007376,13.52286000,0.01000000
1312007376,13.52221000,0.88100000
1312007499,13.52351000,0.07098516
1312007499,13.52550000,0.07098516
1312007500,13.52900000,0.03731366
1312007501,13.52900000,0.07177983
1312007501,13.52900000,0.07176919
1312007502,13.52900000,0.07175842
1312007502,13.52900000,0.07174748
1312007503,13.52900000,0.07173631
1312007503,13.52900000,0.07172485
1312007504,13.52900000,0.07171303
1312007504,13.52900000,0.07170075
1312007505,13.52729000,0.07179038
1312007505,13.52531000,0.07180090
1312007505,13.52221000,0.03272675
1312007506,13.52221000,0.07052721
1312007507,13.52221000,0.07052721
1312007507,13.52221000,0.07052721
1312007508,13.52221000,0.07052721
1312007509,13.52221000,0.07052721
1312007509,13.52221000,0.07052721
1312007509,13.52221000,0.07052721
1312007510,13.52221000,0.07052721
1312007603,13.52221000,3.50198476
1312007773,13.52221000,1.01000000
1312007799,13.52333000,0.07052721
1312007799,13.52531000,0.07052721
1312007799,13.52900000,0.03478583
1312007804,13.52900000,0.07040089
1312007805,13.52900000,0.07039048
1312007805,13.52900000,0.07037995
1312007805,13.52900000,0.07036925
1312007806,13.52900000,0.07035832
1312007806,13.52900000,0.07034711
1312007807,13.52900000,0.07033555
1312007807,13.52900000,0.07032354
1312007808,13.52714000,0.07041121
1312007808,13.52516000,0.07042150
1312007808,13.52221000,0.03799023
1312007809,13.52221000,0.07152918
1312007810,13.52221000,0.07152918
1312007810,13.52221000,0.07152918
1312007811,13.52221000,0.07152918
1312007811,13.52221000,0.07152918
1312007812,13.52221000,0.07152918
1312007812,13.52221000,0.07152918
1312007813,13.52221000,0.07152918
1312007869,13.52221000,0.60000000
1312008065,13.52319000,0.07152918
1312008100,13.52516000,0.07152918
1312008100,13.52900000,0.12046775
1312008102,13.52900000,0.07685771
1312008102,13.52900000,0.07684630
1312008103,13.52900000,0.07683470
1312008103,13.52900000,0.07682286
1312008103,13.52900000,0.07681071
1312008104,13.52900000,0.07679817
1312008104,13.52900000,0.07678516
1312008105,13.52887000,0.07686899
1312008105,13.52690000,0.07688018
1312008105,13.52494000,0.02163869
1312008105,13.52494000,0.05525265
1312008106,13.52320000,0.07015514
1312008106,13.52320000,0.07015514
1312008107,13.52320000,0.07015514
1312008107,13.52320000,0.07015514
1312008108,13.52320000,0.07015514
1312008108,13.52320000,0.07015514
1312008109,13.52320000,0.07015514
1312008109,13.52320000,0.07015514
1312008110,13.52320000,0.07015514
1312008278,13.52494000,0.01490249
1312008360,13.52900000,0.03000000
1312008399,13.52900000,0.18899516
1312008401,13.52900000,0.07565561
1312008402,13.52900000,0.07564447
1312008402,13.52900000,0.07563314
1312008403,13.52900000,0.07562158
1312008403,13.52900000,0.07560972
1312008404,13.52900000,0.07559748
1312008404,13.52900000,0.07558477
1312008405,13.52861000,0.07566662
1312008405,13.52665000,0.07567755
1312008405,13.52495000,0.01011390
1312008405,13.52471000,0.03004431
1312008405,13.52471000,0.04564413
1312008406,13.52221000,0.07660095
1312008407,13.52221000,0.07660095
1312008407,13.52221000,0.07660095
1312008408,13.52221000,0.07660095
1312008408,13.52221000,0.07660095
1312008409,13.52221000,0.07660095
1312008409,13.52221000,0.07660095
1312008410,13.52221000,0.07660095
1312008550,13.52276000,0.07660095
1312008550,13.52471000,0.03095682
1312008550,13.52900000,18.35010683
1312008550,13.53319000,2.05000000
1312008576,13.56000000,2.94950000
1312008607,13.58000000,12.85000000
1312008696,13.52221000,7.75000000
1312008712,13.54287000,0.07629876
1312008712,13.54061000,0.07631146
1312008712,13.54051000,0.03589747
1312008712,13.54051000,0.07540308
1312008713,13.54051000,0.07540308
1312008713,13.54051000,0.00407649
1312008713,13.53844000,0.07132659
1312008714,13.53844000,0.00499711
1312008714,13.53634000,0.07040597
1312008714,13.53634000,0.00592959
1312008714,13.53429000,0.06947349
1312008715,13.53429000,0.00687364
1312008715,13.53228000,0.06852944
1312008715,13.53228000,0.00782901
1312008715,13.53031000,0.06757407
1312008716,13.53031000,0.00879552
1312008716,13.52836000,0.06660756
1312008716,13.52836000,0.00977304
1312008716,13.52642000,0.06563004
1312008717,13.52642000,0.01076149
1312008717,13.52449000,0.06464159
1312008952,13.52449000,0.01175611
1312009000,13.52448000,0.18786917
1312009000,13.52448000,0.05037472
1312009005,13.54266000,0.07513462
1312009005,13.54041000,0.07514709
1312009005,13.53825000,0.04000463
1312009005,13.53825000,0.03515448
1312009005,13.53615000,0.04096005
1312009006,13.53615000,0.03421070
1312009006,13.53411000,0.04190383
1312009006,13.53411000,0.03327827
1312009006,13.53210000,0.04283626
1312009007,13.53210000,0.03235695
1312009007,13.53014000,0.04375758
1312009007,13.53014000,0.03144657
1312009007,13.52819000,0.04466796
1312009008,13.52819000,0.03054699
1312009008,13.52626000,0.02485096
1312009008,13.52434000,0.02071658
1312009008,13.52434000,0.05451978
1312009008,13.52221000,0.02159475
1312009009,13.52221000,0.07611453
1312009009,13.52221000,0.07611453
1312009010,13.52221000,0.07611453
1312009306,13.54239000,0.07583901
1312009306,13.54016000,0.07585153
1312009306,13.54005000,0.03569307
1312009307,13.54005000,0.07495344
1312009307,13.54005000,0.07495344
1312009307,13.54005000,0.00403031
1312009307,13.53801000,0.07092313
1312009308,13.53801000,0.00494045
1312009308,13.53592000,0.07001299
1312009308,13.53592000,0.00586228
1312009308,13.53389000,0.06909116
1312009309,13.53389000,0.00679549
1312009309,13.53190000,0.06815795
1312009309,13.53190000,0.00773985
1312009309,13.52994000,0.06721359
1312009310,13.52994000,0.00869519
1312009310,13.52801000,0.06625825
1312009310,13.52801000,0.00966137
1312009310,13.52609000,0.06529207
1312009311,13.52609000,0.01063832
1312009311,13.52418000,0.06431512
1312009457,13.52418000,0.01161998
1312009599,13.52417000,0.18674822
1312009600,13.52417000,0.07477634
1312009600,13.52417000,0.07476575
1312009601,13.52417000,0.07475507
1312009602,13.52417000,0.07474427
1312009602,13.52417000,0.07473329
1312009603,13.52417000,0.07472209
1312009603,13.52417000,0.07471059
1312009603,13.52417000,0.07469872
1312009604,13.52417000,0.07468640
1312009605,13.52412000,0.07478690
1312009605,13.52221000,0.11435158
1312009606,13.52221000,0.07565539
1312009606,13.52221000,0.07565539
1312009607,13.52221000,0.07565539
1312009607,13.52221000,0.07565539
1312009607,13.52221000,0.07565539
1312009608,13.52221000,0.07565539
1312009608,13.52221000,0.07565539
1312009609,13.52221000,0.07565539
1312009609,13.52221000,0.07565539
1312009648,13.52412000,0.07565539
1312009648,13.52417000,1.53715349
1312009703,13.52221000,0.34000000
1312009704,13.54999000,2.06556112
1312009728,13.52413000,4.02220728
1312009804,13.54999000,8.87500000
1312009847,13.54999000,0.02790000
1312009905,13.54235000,0.07537442
1312009905,13.54012000,0.07538686
1312009905,13.54002000,0.03550378
1312009905,13.54002000,0.07450602
1312009906,13.54002000,0.07450602
1312009906,13.54002000,0.00395276
1312009906,13.53797000,0.07055326
1312009907,13.53797000,0.00484558
1312009907,13.53589000,0.06966044
1312009907,13.53589000,0.00575001
1312009907,13.53386000,0.06875601
1312009907,13.53386000,0.00666575
1312009908,13.53187000,0.06784027
1312009908,13.53187000,0.00759257
1312009908,13.52991000,0.06691345
1312009909,13.52991000,0.00853029
1312009909,13.52798000,0.06597573
1312009909,13.52798000,0.00947879
1312009909,13.52606000,0.06502723
1312009910,13.52606000,0.01043798
1312009910,13.52415000,0.06406804
1312010206,13.54240000,0.07423953
1312010206,13.54016000,0.07425178
1312010206,13.54006000,0.03721495
1312010206,13.54006000,0.07428250
1312010207,13.54006000,0.07413342
1312010207,13.53801000,0.00014908
1312010207,13.53801000,0.07411450
1312010207,13.53593000,0.00016800
1312010208,13.53593000,0.07410702
1312010208,13.53390000,0.00017548
1312010208,13.53390000,0.07411069
1312010208,13.53191000,0.00017181
1312010209,13.53191000,0.07412528
1312010209,13.52995000,0.00015722
1312010209,13.52995000,0.07415061
1312010209,13.52802000,0.00013189
1312010210,13.52802000,0.07418656
1312010210,13.52610000,0.00009594
1312010210,13.52610000,0.07423304
1312010210,13.52419000,0.00004946
1312010211,13.52419000,0.07428250
1312010353,13.54999000,29.03153888
1312010354,13.54999000,0.56119425
1312010455,13.55000000,1.53385000
1312010505,13.55000000,0.18514914
1312010506,13.55000000,0.07405966
1312010506,13.55000000,0.07405966
1312010507,13.55000000,0.07405966
1312010508,13.55000000,0.07405966
1312010508,13.55000000,0.07405966
1312010509,13.55000000,0.07405966
1312010509,13.55000000,0.07405966
1312010510,13.55000000,0.07405966
1312010510,13.55000000,0.07405966
1312010511,13.55000000,0.07405962
1312010972,13.55000000,0.10000000
1312011280,13.55000000,1.00000000
1312011584,13.56000000,0.11126972
1312011651,13.56000000,0.10858429
1312011725,13.56000000,0.10596368
1312011737,13.55000000,19.50000000
1312011804,13.56000000,0.10340631
1312011841,13.55000000,1.00000000
1312011873,13.56000000,0.10091067
1312011904,13.55000000,1.00000000
1312011907,13.55000000,0.57000000
1312011976,13.56000000,0.05103584
1312012067,13.56000000,0.01015311
1312012071,13.55000000,5.00000000
1312012725,13.55000000,30.00000000
1312012758,13.55000000,0.50000000
1312012786,13.56000000,0.62867638
1312012786,13.57000000,2.00000000
1312012786,13.58000000,32.88571207
1312012808,13.55000000,6.27767117
1312012882,13.54999000,0.18915251
1312012888,13.54265000,0.07387812
1312012890,13.54264000,0.64881302
1312012900,13.54256000,0.01473130
1312012922,13.54256000,0.05928446
1312012922,13.54041000,0.07389036
1312012922,13.54032000,0.07402801
1312012922,13.54030000,0.18472732
1312012922,13.54022000,0.18507144
1312012954,13.54000000,0.18039034
1312013011,13.53825000,0.07390216
1312013026,13.53824000,0.25459240
1312013066,13.53816000,0.07403981
1312013066,13.53615000,0.07391360
1312013066,13.53607000,0.07405125
1312013066,13.53411000,0.07392474
1312013066,13.53404000,0.07406240
1312013066,13.53211000,0.07393566
1312013067,13.53204000,0.07407331
1312013067,13.53015000,0.07394640
1312013067,13.53008000,0.07408406
1312013104,13.53000000,0.31435732
1312013104,13.52820000,0.07395701
1312013153,13.52814000,0.07409467
1312013171,13.52813000,0.29898469
1312013171,13.52628000,0.07396754
1312013171,13.52622000,0.07410521
1312013171,13.52436000,0.07397804
1312013171,13.52430000,0.07411570
1312013171,13.52419000,0.00000752
1312013171,13.52415000,0.01138334
1312013171,13.52221000,2.22244265
1312013205,13.52221000,0.36816774
1312013206,13.52221000,0.14726710
1312013207,13.52221000,0.14726710
1312013207,13.52221000,0.14726710
1312013208,13.52221000,0.14726710
1312013208,13.52221000,0.14726710
1312013208,13.52221000,0.14726710
1312013209,13.52221000,0.14726710
1312013209,13.52221000,0.14726710
1312013234,13.52221000,1.82802737
1312013241,13.52220000,0.30317027
1312013252,13.52220000,10.05579935
1312013286,13.52016000,0.03517192
1312013314,13.52302000,0.14726710
1312013330,13.52302000,0.12368697
1312013330,13.51830000,0.61760148
1312013330,13.51111000,1.41210000
1312013331,13.51000000,0.01000000
1312013428,13.50100000,0.89000000
1312013499,13.52495000,0.14726706
1312013499,13.54000000,0.19290482
1312013504,13.54000000,0.13606771
1312013504,13.54000000,0.13604494
1312013799,13.54000000,0.02937672
1312013804,13.54000000,0.01175060
1312013804,13.54000000,0.01174863
1312013805,13.53898000,0.01175249
1312013805,13.53892000,0.11033705
1312013805,13.53892000,0.02575259
1312013805,13.53687000,0.01175433
1312013805,13.53680000,0.01132890
1312013806,13.53680000,0.04883582
1312013807,13.53680000,0.04883582
1312013807,13.53680000,0.02711035
1312013807,13.53481000,0.01175612
1312013807,13.53474000,0.00996935
1312013808,13.53474000,0.04883582
1312013808,13.53474000,0.04883582
1312013809,13.53474000,0.02849062
1312013809,13.53279000,0.01175787
1312013809,13.53273000,0.00858733
1312013809,13.53273000,0.04883582
1312013810,13.53273000,0.04883582
1312013810,13.53273000,0.02989293
1312013810,13.53080000,0.01175959
1312013810,13.53074000,0.00718330
1312013975,13.54000000,0.14000000
1312014012,13.54000000,0.00051772
1312014099,13.54000000,0.12167559
1312014108,13.54000000,0.04866986
1312014108,13.54000000,0.04866171
1312014109,13.53903000,0.04867771
1312014109,13.53691000,0.04868532
1312014109,13.53485000,0.03490370
1312014110,13.53485000,0.01378903
1312014110,13.53283000,0.03911766
1312014111,13.53283000,0.00958233
1312014111,13.53085000,0.04332436
1312014111,13.53085000,0.00538278
1312014111,13.53074000,0.04752391
1312014111,13.53074000,0.05290669
1312014112,13.53074000,0.02855796
1312014112,13.52889000,0.02434873
1312014113,13.52889000,0.02436547
1312014113,13.52884000,0.01176130
1312014113,13.52878000,0.01677992
1312014113,13.52878000,0.05290669
1312014114,13.52878000,0.05290669
1312014114,13.52878000,0.01359829
1312014114,13.52694000,0.03930840
1312014115,13.52694000,0.00941281
1312014115,13.52690000,0.01176299
1312014115,13.52684000,0.03173089
1312014277,13.54000000,16.00000000
1312014317,13.54000000,4.00000000
1312014400,13.54000000,0.13177867
1312014405,13.54000000,0.05271106
1312014406,13.54000000,0.05270225
1312014406,13.53895000,0.05271955
1312014406,13.53683000,0.05272778
1312014406,13.53478000,0.05273580
1312014406,13.53276000,0.01735683
1312014407,13.53276000,0.03538683
1312014407,13.53078000,0.03482915
1312014407,13.53078000,0.01792224
1312014407,13.52882000,0.05229374
1312014408,13.52882000,0.00046528
1312014408,13.52687000,0.05276660
1312014408,13.52684000,0.01698410
1312014408,13.52684000,0.07021598
1312014408,13.52684000,0.01728020
1312014409,13.52500000,0.04872819
1312014409,13.52496000,0.00420759
1312014409,13.52496000,0.00755709
1312014409,13.52494000,0.05277416
1312014409,13.52490000,0.00988473
1312014410,13.52490000,0.07021598
1312014410,13.52490000,0.05612997
1312014497,13.50100000,6.51000000
1312014507,13.50099000,1.00000000
1312014699,13.50099000,0.14408306
1312014700,13.50099000,0.05770184
1312014701,13.50099000,0.05769357
1312014702,13.50099000,0.05768528
1312014702,13.50099000,0.05767692
1312014702,13.50099000,0.05766846
1312014703,13.50099000,0.05765986
1312014704,13.50099000,0.05765108
1312014704,13.50099000,0.05764207
1312014705,13.50099000,0.05763278
1312014705,13.50099000,0.05762313
1312014754,13.50093000,5.00000000
1312014777,13.50093000,5.00000000
1312014809,13.50093000,5.00000000
1312015051,13.50093000,0.10710000
1312015122,13.50093000,0.00040000
1312015135,13.50099000,21.76928195
1312015178,13.50397000,0.14371118
1312015242,13.50402000,0.19149853
1312015299,13.50634000,0.05748447
1312015299,13.50639000,0.00953884
1312015300,13.50639000,0.02684127
1312015301,13.50639000,0.02683742
1312015301,13.50639000,0.01338188
1312015301,13.50648000,0.01345168
1312015301,13.50648000,0.05676430
1312015302,13.50861000,0.02682967
1312015302,13.50861000,0.02682573
1312015303,13.50861000,0.00382907
1312015303,13.50866000,0.02299265
1312015304,13.50866000,0.02681764
1312015304,13.50866000,0.02678912
1312015304,13.50875000,0.00002432
1312015305,13.50875000,0.02680912
1312015306,13.50875000,0.02680462
1312015338,13.50875000,0.01657792
1312015344,13.51000000,0.81584749
1312015371,13.51079000,0.05748447
1312015371,13.51084000,0.07659941
1312015371,13.51093000,0.01408601
1312015371,13.51291000,0.05748447
1312015371,13.51296000,0.07659941
1312015371,13.51497000,0.05748447
1312015371,13.51502000,0.07659941
1312015371,13.51699000,0.05748447
1312015371,13.51704000,0.07659941
1312015371,13.51898000,0.05748447
1312015371,13.51902000,0.07659941
1312015575,13.50093000,4.96159684
1312015600,13.50092000,0.21763761
1312015600,13.50092000,0.08715880
1312015601,13.50092000,0.08714630
1312015601,13.50092000,0.08713375
1312015602,13.50092000,0.08712111
1312015602,13.50092000,0.08710832
1312015603,13.50092000,0.08709532
1312015603,13.50092000,0.08708204
1312015604,13.50092000,0.08706843
1312015604,13.50092000,0.08705438
1312015605,13.50092000,0.08703979
1312016061,13.50000000,1.56346600
1312016061,13.50000000,0.01000000
1312016061,13.50000000,25.00000000
1312016091,13.49010000,9.00000000
1312016091,13.49000000,0.01000000
1312016091,13.48000000,0.01000000
1312016091,13.48000000,2.80000000
1312016091,13.48000000,2.00731305
1312016091,13.47186000,3.05226109
1312016091,13.47010000,0.08000000
1312016091,13.47000000,0.08000000
1312016091,13.47000000,0.01000000
1312016091,13.47000000,0.34000000
1312016091,13.46500000,2.00000000
1312016091,13.46000000,12.13674739
1312016091,13.45100000,73.53779347
1312016091,13.45000000,7.44476177
1312016091,13.45000000,0.80000000
1312016092,13.45000000,0.00000148
1312016092,13.45000000,0.01000000
1312016092,13.45000000,10.10765575
1312016118,13.49999000,2.74346000
1312016118,13.50092000,0.75654000
1312016120,13.50092000,0.30880074
1312016120,13.50092000,0.23518000
1312016121,13.50092000,0.43195926
1312016261,13.47149000,9.00000000
1312016266,13.47138000,9.00000000
1312016283,13.50092000,5.61727731
1312016316,13.50389000,0.21707598
1312016316,13.50395000,0.06685035
1312016499,13.50627000,0.05701227
1312016500,13.50627000,0.02283220
1312016500,13.50627000,0.00698592
1312016500,13.50632000,0.01584299
1312016501,13.50632000,0.01089715
1312016501,13.50854000,0.01192846
1312016501,13.50854000,0.02282228
1312016502,13.50854000,0.02281892
1312016502,13.50854000,0.02281550
1312016503,13.50854000,0.00644523
1312016503,13.50859000,0.01636678
1312016504,13.50859000,0.01037336
1312016504,13.51073000,0.01243507
1312016504,13.51073000,0.02280473
1312016505,13.51073000,0.02280090
1312016794,13.50000000,5.42000000
1312016800,13.51073000,0.02878969
1312016800,13.51078000,0.02674014
1312016800,13.51284000,0.00131239
1312016800,13.51284000,0.02276411
1312016801,13.51284000,0.02276083
1312016801,13.51284000,0.02275754
1312016802,13.51284000,0.01723552
1312016802,13.51289000,0.00551870
1312016803,13.51289000,0.02122144
1312016803,13.51491000,0.00152942
1312016803,13.51491000,0.02274745
1312016804,13.51491000,0.02274397
1312016804,13.51491000,0.02274040
1312016805,13.51491000,0.01706915
1312016805,13.51496000,0.00566756
1312016805,13.51496000,0.02107258
1312016806,13.51693000,0.00166030
1312016993,13.50363000,0.05686525
1312016993,13.50601000,0.02274610
1312016994,13.50829000,0.02274610
1312017100,13.51049000,0.02274610
1312017100,13.51261000,0.02274610
1312017100,13.51469000,0.02274610
1312017100,13.51672000,0.00879071
1312017100,13.51672000,0.01395539
1312017100,13.51693000,0.01689311
1312017101,13.51693000,0.03084405
1312017101,13.51693000,0.03083959
1312017102,13.51693000,0.00659334
1312017102,13.51698000,0.02424176
1312017102,13.51698000,0.00249838
1312017102,13.51871000,0.02274610
1312017103,13.51892000,0.00558607
1312017103,13.51892000,0.03082592
1312017103,13.51892000,0.03082120
1312017104,13.51892000,0.01959720
1312017104,13.51896000,0.01121916
1312017105,13.51896000,0.01552098
1312017105,13.52068000,0.01529038
1312017105,13.52068000,0.00745572
1312017105,13.52088000,0.02335046
1312017106,13.51000000,0.05669564
1312017115,13.51000000,0.02267825
1312017116,13.51000000,0.02267825
1312017164,13.51000000,1.69000000
1312017401,13.51047000,0.02267825
1312017401,13.51260000,0.02267825
1312017401,13.51467000,0.02267825
1312017401,13.51670000,0.02267825
1312017401,13.51870000,0.00638777
1312017402,13.51870000,0.01629048
1312017402,13.52067000,0.02259629
1312017402,13.52067000,0.00008196
1312017402,13.52088000,0.03879921
1312017404,13.52088000,0.02468072
1312017404,13.52093000,0.01419483
1312017404,13.52093000,0.01254531
1312017404,13.52094000,0.02632458
1312017404,13.52094000,0.03115989
1312017404,13.52098000,0.00770427
1312017405,13.52098000,0.03885834
1312017405,13.52098000,0.03003680
1312017405,13.52263000,0.00881560
1312017406,13.52263000,0.01386265
1312017406,13.52264000,0.02274610
1312017406,13.52283000,0.00223755
1312017407,13.52283000,0.03884001
1312017407,13.52283000,0.03883347
1312017408,13.51024000,0.01000000
1312017408,13.51000000,0.06683038
1312017412,13.51000000,0.03073215
1312017413,13.51000000,0.03073215
1312017700,13.51053000,0.03073215
1312017700,13.51266000,0.03073215
1312017700,13.51473000,0.03073215
1312017700,13.51675000,0.03073215
1312017700,13.51875000,0.00139372
1312017700,13.51875000,0.02933843
1312017700,13.52072000,0.02044990
1312017701,13.52072000,0.01028225
1312017701,13.52267000,0.03073215
1312017701,13.52283000,0.00691936
1312017701,13.52287000,0.00184742
1312017701,13.52287000,0.02489272
1312017701,13.52289000,0.02488127
1312017702,13.52289000,0.03260320
1312017702,13.52293000,0.01716356
1312017702,13.52293000,0.04975943
1312017703,13.52293000,0.00967642
1312017703,13.52457000,0.02267825
1312017703,13.52459000,0.01739732
1312017703,13.52459000,0.00534878
1312017703,13.52462000,0.03073215
1312017703,13.52477000,0.01366346
1312017704,13.52477000,0.04973659
1312017704,13.52477000,0.02343034
1312017704,13.52481000,0.02629820
1312017705,13.52481000,0.00044194
1312017705,13.52483000,0.04927825
1312017705,13.51000000,0.09685035
1312017710,13.51000000,0.03874014
1312017710,13.51000000,0.03874014
1312017931,13.51000000,8.80296510
1312018000,13.50999000,0.15863162
1312018000,13.50999000,0.06352846
1312018001,13.50999000,0.06351933
1312018001,13.50999000,0.06351016
1312018002,13.50999000,0.06350092
1312018002,13.50999000,0.06349158
1312018003,13.50999000,0.06348208
1312018003,13.50999000,0.06347238
1312018004,13.50999000,0.06346243
1312018004,13.50999000,0.06345216
1312018005,13.50999000,0.06344150
1312018086,13.50000000,0.68000000
1312018322,13.50374000,0.15822242
1312018322,13.50375000,0.12400162
1312018524,13.50376000,3.00000000
1312018599,13.50612000,0.05641588
1312018600,13.50612000,0.00687309
1312018600,13.50613000,0.01572022
1312018600,13.50613000,0.02259006
1312018601,13.50613000,0.01129037
1312018601,13.50839000,0.01129643
1312018601,13.50839000,0.02258352
1312018602,13.50839000,0.02258019
1312018602,13.50839000,0.00682883
1312018603,13.50841000,0.01574798
1312018603,13.50841000,0.02257337
1312018604,13.50841000,0.01127930
1312018604,13.50999000,0.01129053
1312018604,13.50999000,0.02256618
1312018605,13.50999000,0.02256239
1312018876,13.50999000,4.20000000
1312018900,13.50999000,0.04502220
1312018900,13.50999000,0.01803040
1312018901,13.50999000,0.01802780
1312018902,13.50999000,0.01802520
1312018902,13.50999000,0.01802258
1312018903,13.50999000,0.01801993
1312018903,13.50999000,0.01801723
1312018904,13.50999000,0.01801448
1312018904,13.50999000,0.01801166
1312018905,13.50999000,0.01800874
1312018909,13.50999000,0.01800572
1312019020,13.50000000,3.90000000
1312020096,13.47129000,0.05585891
1312020410,13.49039000,0.50000000
1312020413,13.49039000,0.50000000
1312020416,13.49999000,0.50000000
1312020420,13.49999000,0.50000000
1312020421,13.49999000,7.99500000
1312020738,13.49099000,1.11080025
1312020868,13.49119000,9.00000000
1312021236,13.49108000,1.00000000
1312021430,13.49139000,1.00000000
1312021493,13.49999000,1.00000000
1312022115,13.49999000,1.81500000
1312022630,13.49099000,2.26000000
1312022942,13.49999000,0.10000000
1312023032,13.49999000,3.49700000
1312023062,13.49169000,9.00000000
1312023214,13.49069000,8.90191724
1312023726,13.49999000,0.69300000
1312023726,13.50000000,1.04000000
1312023726,13.50000000,4.00000000
1312023726,13.50000000,2.47000000
1312023810,13.50365000,0.04490606
1312023810,13.50376000,0.05627035
1312023810,13.50603000,0.01796242
1312023810,13.50613000,0.02250814
1312023811,13.50831000,0.01796242
1312023811,13.50841000,0.02250814
1312023811,13.51051000,0.01796242
1312023811,13.51058000,0.06328897
1312023811,13.51060000,0.07210879
1312023811,13.51061000,0.03874014
1312023811,13.51263000,0.01796242
1312023811,13.51271000,0.06328897
1312023811,13.51272000,0.07210879
1312023811,13.51273000,0.03874014
1312023811,13.51470000,0.01796242
1312023811,13.51478000,0.06328897
1312023811,13.51479000,0.07210879
1312023811,13.51480000,0.03874014
1312023811,13.51673000,0.01796242
1312023811,13.51680000,0.06328897
1312023811,13.51682000,0.11084893
1312023812,13.51873000,0.01796242
1312023812,13.51879000,0.06328897
1312023812,13.51881000,0.11084893
1312023812,13.52000000,1.85738087
1312023822,13.52000000,0.50000000
1312024000,13.52000000,0.22746244
1312024000,13.52000000,0.09109543
1312024001,13.52000000,0.09108213
1312024001,13.52000000,0.09106877
1312024002,13.52000000,0.09105531
1312024002,13.52000000,0.09104169
1312024003,13.52000000,0.09102785
1312024003,13.52000000,0.09101372
1312024004,13.52000000,0.09099922
1312024004,13.52000000,0.09098426
1312024005,13.52000000,0.09096873
1312024023,13.49199000,9.00000000
1312024057,13.49159000,0.50598187
1312024233,13.49079000,1.01000000
1312024285,13.49089000,9.00000000
1312024308,13.49078000,0.05051227
1312024387,13.49069000,9.00000000
1312024387,13.49049000,0.50000000
1312024502,13.49059000,9.00000000
1312024560,13.49048000,9.00000000
1312024624,13.49048000,9.00000000
1312024808,13.50284000,0.22687724
1312024899,13.50526000,0.04536104
1312024900,13.50526000,0.01816649
1312024900,13.50526000,0.01816383
1312024901,13.50526000,0.00905953
1312024901,13.50757000,0.00910163
1312024901,13.50757000,0.01815847
1312024902,13.50757000,0.01815575
1312024903,13.50757000,0.01815298
1312024903,13.50757000,0.01815016
1312024904,13.50757000,0.00903190
1312024904,13.50980000,0.00911536
1312024904,13.50980000,0.01814427
1312024905,13.50980000,0.01814117
1312025014,13.50285000,2.07312276
1312025203,13.50284000,0.04522468
1312025204,13.50284000,0.01811190
1312025204,13.50284000,0.01810925
1312025205,13.50284000,0.01810658
1312025206,13.50284000,0.01810390
1312025207,13.50284000,0.01810118
1312025208,13.50284000,0.01809842
1312025208,13.50284000,0.01809560
1312025209,13.50284000,0.01809271
1312025210,13.50284000,0.01808973
1312025210,13.50284000,0.01808663
1312025349,13.50265000,0.04524438
1312025350,13.50284000,1.45475562
1312025454,13.50284000,2.00000000
1312025655,13.49149000,1.50000000
1312025660,13.49149000,6.45000000
1312026018,13.49209000,3.62900000
1312026072,13.50000000,1.00000000
1312026577,13.49299000,1.01996446
1312026653,13.50000000,1.22100000
1312027116,13.49379000,9.00000000
1312027119,13.49378000,9.00000000
1312027143,13.49050000,1.00000000
1312027143,13.49049000,3.70000000
1312027183,13.49050000,9.00000000
1312027184,13.49040000,1.00000000
1312027184,13.49039000,0.37321308
1312027301,13.45071000,2.03000000
1312027514,13.49049000,0.41936727
1312027518,13.49049000,0.03571923
1312027537,13.49049000,1.00000000
1312027726,13.49049000,3.52548628
1312027844,13.50000000,1.70000000
1312027915,13.50000000,11.20000000
1312028163,13.49110000,0.53000000
1312028439,13.49150000,4.10000000
1312028782,13.49210000,7.90000000
1312028812,13.49210000,1.00000000
1312028821,13.49220000,3.00000000
1312028827,13.49220000,3.00000000
1312028834,13.49220000,3.00000000
1312028834,13.49050000,0.09965901
1312029003,13.45091000,0.99900000
1312029220,13.45121000,5.00000000
1312029245,13.49049000,1.00000000
1312029545,13.49000000,0.02000000
1312029561,13.48999000,6.93000000
1312029623,13.49009000,1.15000000
1312029628,13.49020000,1.15000000
1312029660,13.49020000,0.50000000
1312029698,13.49049000,0.50000000
1312029793,13.49049000,1.00000000
1312029817,13.45081000,3.00000000
1312029839,13.45081000,1.24000000
1312030036,13.46010000,2.50000000
1312030252,13.49050000,0.01000000
1312030328,13.49050000,0.10000000
1312030423,13.49050000,0.20000000
1312030497,13.48010000,0.10000000
1312030561,13.48020000,9.00000000
1312030734,13.47050000,10.00000000
1312030734,13.45081000,9.00000000
1312030743,13.45080000,9.00000000
1312030761,13.45080000,10.00000000
1312030773,13.45080000,3.00000000
1312030796,13.45080000,0.11400000
1312030876,13.45071000,0.75000000
1312030970,13.45081000,9.00000000
1312030970,13.45061000,1.00000000
1312031168,13.49000000,0.01000000
1312031467,13.47010000,0.28000000
1312031955,13.48060000,3.70200000
1312032570,13.49050000,0.34764963
1312032718,13.50000000,1.45185185
1312033054,13.50000000,3.54814815
1312033054,13.50000000,0.50000000
1312033054,13.50000000,220.00000000
1312033054,13.50000000,6.54722161
1312033054,13.50000000,0.10000000
1312033054,13.50000000,5.00000000
1312033054,13.50256000,0.04510839
1312033054,13.50499000,0.01804336
1312033054,13.50508000,0.01809775
1312033054,13.50731000,0.01804336
1312033054,13.50740000,0.01809775
1312033300,13.50955000,0.01804336
1312033300,13.50963000,0.01441704
1312033300,13.50963000,0.00368071
1312033300,13.50980000,0.00931955
1312033301,13.50980000,0.01299832
1312033301,13.50980000,0.01299637
1312033302,13.50980000,0.01003585
1312033302,13.51000000,0.00295856
1312033303,13.51000000,0.01299243
1312033303,13.51000000,0.01299041
1312033304,13.51000000,0.01298835
1312033305,13.51000000,0.01298624
1312033305,13.51000000,0.01298406
1312033306,13.51000000,0.01298179
1312033600,13.51000000,0.01626648
1312033746,13.49708000,0.03237718
1312033900,13.49954000,0.01295087
1312033900,13.50190000,0.00650659
1312034200,13.50190000,0.00644428
1312034200,13.50416000,0.01295087
1312034200,13.50636000,0.00005103
1312034250,13.50636000,0.01289984
1312034326,13.50840000,0.01000000
1312034326,13.50637000,0.52204958
1312034500,13.50850000,0.01295087
1312034500,13.51000000,0.00905074
1312034506,13.50637000,0.01100093
1312034560,13.50637000,1.49741425
1312034800,13.51000000,0.02237598
1312034808,13.50637000,0.01318787
1312035100,13.51000000,0.02053325
1312035105,13.50637000,0.01501206
1312035109,13.50637000,1.05951647
1312035230,13.50637000,2.86891900
1312035407,13.50636000,0.01942138
1312035412,13.50630000,0.01000000
1312035487,13.49647000,0.00610398
1312035662,13.50636000,0.72105728
1312035662,13.50636000,0.12000000
1312035662,13.51000000,0.03237271
1312035662,13.51000000,0.60000000
1312035662,13.51000000,0.52657001
1312035699,13.51000000,0.01874869
1312035705,13.50630000,0.01000000
1312035705,13.49648000,0.00675581
1312035912,13.50990000,0.01000000
1312035912,13.49678000,9.00000000
1312035954,13.49648000,0.10000000
1312035978,13.49648000,0.10000000
1312036000,13.49658000,0.10000000
1312036000,13.49677000,0.01833900
1312036005,13.49658000,0.01714313
1312036017,13.49658000,0.10000000
1312036047,13.49670000,0.01000000
1312036047,13.49000000,0.09000000
1312036062,13.49668000,0.10000000
1312036103,13.49668000,0.10000000
1312036109,13.49677000,9.00000000
1312036174,13.47110000,9.00000000
1312036174,13.47100000,0.74233538
1312036255,13.47099000,0.15243924
1312036270,13.45060000,0.45000000
1312036302,13.47090000,0.01000000
1312036302,13.45070000,1.03000000
1312036303,13.47099000,0.01809028
1312036392,13.49601000,0.01737130
1312036431,13.49677000,1.00000000
1312036434,13.49677000,1.00000000
1312036436,13.49677000,1.00000000
1312036437,13.49677000,1.00000000
1312036439,13.49677000,1.00000000
1312036448,13.49677000,1.00000000
1312036450,13.49677000,1.00000000
1312036451,13.49677000,1.00000000
1312036452,13.49677000,1.00000000
1312036453,13.49677000,1.00000000
1312036465,13.49677000,1.00000000
1312036467,13.49677000,1.00000000
1312036472,13.49677000,1.00000000
1312036472,13.49612000,9.00000000
1312036484,13.49601000,1.00000000
1312036559,13.49602000,1.28730396
1312036559,13.49600000,9.00000000
1312036559,13.49590000,0.01000000
1312036600,13.45059000,0.01794339
1312036608,13.45059000,9.00000000
1312036645,13.45050000,2.75188775
1312036762,13.49560000,5.00000000
1312036798,13.49562000,0.01750425
1312036860,13.49559000,0.20000000
1312036875,13.49677000,9.00000000
1312036900,13.49677000,0.01785779
1312036905,13.49670000,0.01000000
1312036905,13.49580000,0.00758131
1312036984,13.49677000,5.95880321
1312037201,13.51000000,0.01779260
1312037206,13.49710000,0.01762589
1312037292,13.51000000,0.26058870
1312037363,13.51001000,1.48957759
1312037501,13.51059000,0.01295087
1312037501,13.51172000,0.00479498
1312037512,13.51001000,0.01764856
1312037599,13.51001000,2.00000000
1312037785,13.51001000,1.14950000
1312037800,13.51172000,0.01324838
1312037800,13.51179000,0.00800039
1312037809,13.51001000,0.01765737
1312037994,13.51001000,3.63702778
1312038101,13.51179000,0.01009736
1312038101,13.51196000,0.01465375
1312038107,13.50339000,0.01000000
1312038400,13.49502000,0.00836290
1312038400,13.51196000,0.01836362
1312038400,13.51196000,0.01070367
1312038401,13.51196000,0.01070210
1312038401,13.51196000,0.01070052
1312038402,13.51196000,0.01069893
1312038403,13.51196000,0.01069732
1312038403,13.51196000,0.00423098
1312038403,13.51266000,0.00646470
1312038404,13.51266000,0.00648617
1312038404,13.51383000,0.00420784
1312038404,13.51383000,0.01069229
1312038405,13.51383000,0.00314323
1312038405,13.51390000,0.00754729
1312038406,13.51390000,0.01055046
1312038406,13.51406000,0.00013823
1312038700,13.49472000,0.01962569
1312038700,13.51406000,0.00702178
1312038700,13.51406000,0.01067199
1312038701,13.51406000,0.01067042
1312038702,13.51406000,0.01066885
1312038702,13.51406000,0.01066726
1312038703,13.51406000,0.01066566
1312038703,13.51406000,0.01066403
1312038704,13.51406000,0.01066237
1312038704,13.51406000,0.00892030
1312038705,13.51469000,0.00174036
1312038705,13.51469000,0.01065890
1312038705,13.51469000,0.00055161
1312038705,13.51589000,0.01010547
1312038765,13.49443000,0.04235839
1312038765,13.49685000,0.01694336
1312038765,13.49917000,0.01694336
1312038765,13.50141000,0.01694336
1312038766,13.50357000,0.01694336
1312038766,13.50568000,0.01694336
1312038766,13.50775000,0.01694336
1312038766,13.50978000,0.01694336
1312038770,13.51179000,0.01694336
1312038770,13.51378000,0.01694336
1312038770,13.51576000,0.01694336
1312038770,13.51589000,0.00793789
1312038770,13.51596000,0.01809775
1312038770,13.51612000,0.09075089
1312038770,13.51671000,0.01295087
1312038770,13.51792000,0.01804336
1312038770,13.51799000,0.01809775
1312038770,13.51814000,0.09075089
1312038814,13.51814000,0.08246461
1312038879,13.51035000,0.30718188
1312038882,13.51034000,3.82071196
1312038939,13.51872000,0.01295087
1312039000,13.51993000,0.01804336
1312039000,13.52000000,0.01809775
1312039000,13.52000000,0.08626929
1312039003,13.52000000,0.04900169
1312039007,13.52000000,0.04899442
1312039008,13.52000000,0.04898704
1312039009,13.52000000,0.04897950
1312039009,13.52000000,0.04897176
1312039010,13.52000000,0.04896378
1312039011,13.52000000,0.04895549
1312039011,13.51940000,0.02657895
1312039012,13.51940000,0.01063158
1312039013,13.51940000,0.01063158
1312039014,13.51940000,0.00116676
1312039014,13.51873000,0.00946482
1312039015,13.51873000,0.01063158
1312039015,13.51873000,0.01063158
1312039016,13.51873000,0.01063158
1312039017,13.51873000,0.01063158
1312039017,13.51873000,0.01063158
1312039018,13.51873000,0.01063158
1312039018,13.51873000,0.01063158
1312039045,13.51873000,0.52000000
1312039152,13.52000000,0.57087703
1312039301,13.52014000,0.03373644
1312039303,13.52014000,0.01350478
1312039304,13.52014000,0.01350280
1312039304,13.52014000,0.01350080
1312039305,13.52014000,0.01349875
1312039306,13.52014000,0.00300732
1312039306,13.52070000,0.01048932
1312039306,13.52070000,0.00747310
1312039306,13.52076000,0.00602137
1312039307,13.52076000,0.01349222
1312039307,13.52001000,0.10254603
1312039308,13.52001000,0.04101841
1312039308,13.52001000,0.04101841
1312039309,13.52001000,0.04101841
1312039309,13.52001000,0.04101841
1312039310,13.52001000,0.04101841
1312039311,13.52001000,0.04101841
1312039311,13.52001000,0.04101841
1312039312,13.52001000,0.04101841
1312039312,13.52001000,0.04101841
1312039313,13.52001000,0.04101841
1312039396,13.52015000,7.39000000
1312039396,13.51937000,0.01000000
1312039396,13.51906000,0.01350673
1312039396,13.51743000,0.04901599
1312039396,13.51712000,0.01350867
1312039396,13.51547000,0.04902310
1312039396,13.51519000,0.01351060
1312039396,13.51035000,0.00781845
1312039414,13.48001000,0.33907190
1312039425,13.48001000,0.67805240
1312039426,13.48001000,1.01680440
1312039427,13.48001000,0.67759546
1312039436,13.48001000,0.67741280
1312039436,13.48001000,10.90000000
1312039440,13.48001000,1.50414966
1312039457,13.52076000,0.04377538
1312039457,13.52078000,0.11084893
1312039457,13.52192000,0.01804336
1312039457,13.52199000,0.01809775
1312039457,13.52212000,0.09075089
1312039457,13.52266000,0.01796242
1312039457,13.52271000,0.06328897
1312039458,13.52273000,0.11084893
1312039458,13.52300000,2.00000000
1312039458,13.52391000,0.01804336
1312039458,13.52397000,0.01809775
1312039458,13.52410000,0.09075089
1312039458,13.52461000,0.01796242
1312039458,13.52466000,0.06328897
1312039458,13.52467000,0.07210879
1312039458,13.52468000,0.03874014
1312039458,13.52483000,0.00820622
1312039458,13.52486000,0.07659934
1312039458,13.52500000,0.42945229
1312039466,13.52500000,0.57054771
1312039466,13.54000000,0.78475429
1312039475,13.54000000,0.19681566
1312039475,13.54998000,1.03620480
1312039476,13.54000000,0.56082546
1312039480,13.54000000,0.53551353
1312039486,13.50000000,0.51134403
1312039500,13.50000000,0.48833356
1312039521,13.50000000,0.54571754
1312039600,13.50000000,0.30258262
1312039601,13.50000000,0.12117462
1312039601,13.50000000,0.08084763
1312039606,13.53291000,0.05319832
1312039607,13.53291000,0.02127933
1312039607,13.53291000,0.02127933
1312039607,13.53291000,0.02127933
1312039608,13.53291000,0.00397592
1312039608,13.53069000,0.01730341
1312039608,13.53069000,0.02127933
1312039609,13.53069000,0.02127933
1312039609,13.53069000,0.02127933
1312039610,13.53069000,0.02127933
1312039610,13.53069000,0.01861140
1312039610,13.52854000,0.00266793
1312039611,13.52854000,0.02127933
1312039843,13.52854000,0.09710405
1312039900,13.52853000,0.05322781
1312039905,13.52853000,0.02129097
1312039905,13.52853000,0.02128752
1312039906,13.52807000,0.02129429
1312039906,13.52647000,0.12106989
1312039906,13.52603000,0.02129751
1312039906,13.52444000,0.00935780
1312039907,13.52444000,0.06920779
1312039907,13.52444000,0.04252241
1312039907,13.52403000,0.02130065
1312039907,13.52246000,0.00538473
1312039908,13.52246000,0.06920779
1312039908,13.52246000,0.04651322
1312039908,13.52208000,0.02130372
1312039908,13.52052000,0.00139085
1312039909,13.52052000,0.06920779
1312039909,13.52052000,0.05052456
1312039909,13.52016000,0.01868323
1312039910,13.52016000,0.00262352
1312039910,13.51859000,0.06658427
1312039910,13.51859000,0.05455618
1312039910,13.51827000,0.01465161
1312039911,13.51827000,0.00665813
1312039911,13.51668000,0.04030993
1312039911,13.51639000,0.02131270
1312039911,13.51451000,0.00092703
1312039911,13.51451000,0.02038863
1312040162,13.48042000,0.43000000
1312040200,13.49664000,0.04881916
1312040201,13.52853000,0.11385933
1312040205,13.52853000,0.06507092
1312040205,13.52853000,0.06506053
1312040206,13.52747000,0.06508092
1312040206,13.52545000,0.06509062
1312040206,13.52349000,0.05169813
1312040206,13.52349000,0.01340194
1312040206,13.52157000,0.05934593
1312040207,13.52157000,0.00576340
1312040207,13.51967000,0.06511843
1312040207,13.51781000,0.00186604
1312040207,13.51781000,0.06326140
1312040207,13.51595000,0.00948647
1312040208,13.51595000,0.05564990
1312040208,13.51411000,0.01709797
1312040208,13.51411000,0.04804730
1312040356,13.49650000,0.07274787
1312040423,13.49866000,0.07274787
1312040447,13.49867000,1.37725213
1312040448,13.49661000,4.13274787
1312040500,13.50074000,0.07274787
1312040500,13.50276000,0.06974417
1312040500,13.50276000,0.00300370
1312040500,13.50472000,0.05405677
1312040501,13.50472000,0.01869110
1312040501,13.50665000,0.02470057
1312040504,13.52853000,0.05699640
1312040504,13.52853000,0.05698745
1312040505,13.52688000,0.05700502
1312040505,13.52490000,0.05701338
1312040505,13.52296000,0.04823705
1312040505,13.52296000,0.00878447
1312040505,13.52107000,0.05611771
1312040506,13.52107000,0.00091179
1312040506,13.51921000,0.05703735
1312040506,13.51737000,0.00695304
1312040506,13.51737000,0.05009206
1312040507,13.51555000,0.01366113
1312040509,13.49877000,0.06490218
1312040510,13.49877000,0.06490218
1312040629,13.49661000,0.50000000
1312040682,13.49671000,9.00000000
1312040694,13.49670000,3.70390000
1312040696,13.49670000,0.50000000
1312040773,13.49670000,9.00000000
1312040800,13.49670000,0.14516943
1312040801,13.49670000,0.05813141
1312040801,13.49660000,0.05812374
1312040802,13.49660000,0.05811605
1312040802,13.49660000,0.05810830
1312040803,13.49660000,0.05810045
1312040804,13.49660000,0.05809248
1312040804,13.49660000,0.05808433
1312040805,13.49660000,0.05807598
1312040805,13.49660000,0.05806736
1312040806,13.49660000,0.05805841
1312040807,13.49651000,0.14212056
1312040812,13.49651000,0.05684822
1312040835,13.49660000,0.47717290
1312040930,13.49670000,0.50000000
1312040949,13.49661000,5.02000000
1312040959,13.49670000,9.00000000
1312040995,13.49670000,2.06279916
1312041103,13.49844000,0.03986586
1312041103,13.49844000,0.01596351
1312041104,13.49844000,0.00101885
1312041104,13.50044000,0.01494259
1312041105,13.50044000,0.01595937
1312041106,13.50044000,0.01595728
1312041106,13.50044000,0.00998898
1312041106,13.50059000,0.00596618
1312041107,13.50059000,0.01595301
1312041108,13.50059000,0.01595081
1312041108,13.50059000,0.01594856
1312041109,13.50059000,0.01108362
1312041109,13.50239000,0.00486261
1312041110,13.50239000,0.01594382
1312041110,13.49691000,0.14478992
1312041116,13.49691000,2.32751227
1312041117,13.49691000,0.05791597
1312041143,13.49833000,0.05791597
1312041143,13.50030000,0.05791597
1312041400,13.50221000,0.05791597
1312041400,13.50239000,0.03604179
1312041400,13.50257000,0.00916995
1312041401,13.50257000,0.04129465
1312041401,13.50257000,0.01443758
1312041401,13.50407000,0.02685182
1312041402,13.50407000,0.03106415
1312041402,13.50428000,0.01021999
1312041403,13.50428000,0.04127883
1312041403,13.50428000,0.00534940
1312041403,13.50451000,0.03592406
1312041404,13.50451000,0.02897812
1312041404,13.50589000,0.01228988
1312041404,13.50589000,0.04126242
1312041406,13.50589000,0.00436367
1312041406,13.50614000,0.03689303
1312041407,13.50614000,0.01995519
1312041407,13.50640000,0.02129561
1312041407,13.50640000,0.04124468
1312041407,13.50060000,0.03976136
1312041412,13.50060000,0.01590454
1312041412,13.50060000,0.01590454
1312041413,13.50060000,0.01590454
1312041696,13.50060000,5.19000000
1312041707,13.50205000,0.01590454
1312041707,13.50388000,0.01590454
1312041707,13.50567000,0.01590454
1312041708,13.50640000,0.00236189
1312041708,13.50743000,0.01590454
1312041708,13.50769000,0.05425326
1312041708,13.50769000,0.00366271
1312041708,13.50797000,0.04448040
1312041708,13.50797000,0.01236782
1312041708,13.50826000,0.03576930
1312041709,13.50826000,0.02913288
1312041709,13.50916000,0.01590454
1312041709,13.50946000,0.00309368
1312041710,13.50946000,0.04812503
1312041710,13.50946000,0.00669726
1312041710,13.50977000,0.04142163
1312041711,13.50977000,0.01542659
1312041711,13.51010000,0.00114899
1312041711,13.51089000,0.01590454
1312041711,13.51122000,0.01563253
1312041711,13.51122000,0.04228344
1312041711,13.51156000,0.00582284
1312041712,13.51156000,0.04809975
1312041713,13.51156000,0.00292563
1312041713,13.51261000,0.01590454
1312041713,13.51297000,0.02926283
1312041713,13.51297000,0.02865314
1312041713,13.51334000,0.01943286
1312041714,13.50060000,0.10285667
1312041719,13.50060000,0.04114267
1312041720,13.50060000,0.04114267
1312041724,13.50060000,0.04114267
1312041760,13.50060000,1.00000000
1312041775,13.50060000,0.01000000
1312041825,13.50190000,0.04114267
1312041844,13.50206000,0.40000000
1312041964,13.50206000,0.20000000
1312042000,13.50369000,0.04114267
1312042000,13.50544000,0.04114267
1312042000,13.50717000,0.04114267
1312042000,13.50887000,0.04114267
1312042000,13.51056000,0.00853176
1312042000,13.51056000,0.03261091
1312042001,13.51225000,0.04114267
1312042001,13.51334000,0.02816076
1312042001,13.51334000,0.00925460
1312042003,13.51990000,0.06926854
1312042003,13.51990000,0.06925946
1312042004,13.51990000,0.06925014
1312042004,13.51990000,0.06924052
1312042004,13.51990000,0.06923053
1312042005,13.51873000,0.06927744
1312042005,13.51702000,0.05063897
1312042006,13.51702000,0.01864723
1312042006,13.51534000,0.02931933
1312042006,13.51534000,0.03072092
1312042006,13.51199000,0.01724564
1312042006,13.51199000,0.01945544
1312042009,13.50206000,0.04796656
1312042009,13.50206000,0.04796656
1312042010,13.50206000,0.04796656
1312042010,13.50206000,0.04796656
1312042080,13.50206000,0.30000000
1312042107,13.50206000,0.20000000
1312042121,13.50206000,19.46699109
1312042297,13.50060000,0.10000000
1312042300,13.50205000,0.14176669
1312042301,13.50205000,0.05676428
1312042302,13.50205000,0.05675734
1312042303,13.50205000,0.05675037
1312042304,13.50205000,0.05674335
1312042304,13.50205000,0.05673625
1312042305,13.50205000,0.05672904
1312042305,13.50205000,0.05672167
1312042306,13.50205000,0.05671411
1312042306,13.50205000,0.05670630
1312042307,13.50205000,0.05669820
1312042308,13.50060000,0.17264562
1312042313,13.50060000,0.06905825
1312042313,13.50060000,0.06905825
1312042314,13.50060000,0.06905825
1312042351,13.50159000,0.06905825
1312042351,13.50205000,0.82392131
1312042405,13.50060000,1.00000000
1312042489,13.50060000,8.17500000
1312042521,13.50300000,0.15000000
1312042584,13.50300000,0.10000000
1312042600,13.50334000,0.06905825
1312042600,13.50352000,0.02048064
1312042600,13.50352000,0.02748592
1312042600,13.50506000,0.00836589
1312042601,13.50506000,0.03584744
1312042601,13.50506000,0.02484492
1312042601,13.50526000,0.01099814
1312042602,13.50526000,0.03583864
1312042602,13.50526000,0.00112978
1312042602,13.50676000,0.03470439
1312042603,13.50676000,0.03435386
1312042603,13.50696000,0.00147577
1312042603,13.50696000,0.03582499
1312042604,13.50696000,0.01066580
1312042604,13.50843000,0.02515443
1312042604,13.50843000,0.03581532
1312042605,13.50843000,0.00808850
1312042605,13.50865000,0.02772173
1312042605,13.50300000,0.14139206
1312042609,13.50300000,0.05655682
1312042610,13.50300000,0.05655682
1312042610,13.50300000,0.05655682
1312042611,13.50300000,0.05655682
1312042636,13.50321000,0.05655682
1312042680,13.50335000,1.02000000
1312042683,13.50335000,1.45000000
1312042783,13.50335000,4.86049906
1312042860,13.50300000,5.28238066
1312042860,13.50060000,1.71761934
1312042900,13.50334000,0.17371255
1312042902,13.50334000,0.06955535
1312042903,13.50334000,0.06954688
1312042903,13.50334000,0.06953838
1312042904,13.50334000,0.06952981
1312042905,13.50334000,0.06952113
1312042905,13.50334000,0.06951232
1312042905,13.50334000,0.06950332
1312042906,13.50334000,0.06949409
1312042910,13.50334000,0.06948457
1312042911,13.50334000,0.06947467
1312042911,13.50060000,0.08930218
1312042916,13.50060000,0.03572087
1312042917,13.50060000,0.03572087
1312042917,13.50060000,0.03572087
1312042975,13.50060000,2.80150390
1312043034,13.46010000,9.00000000
1312043034,13.46000000,1.00000000
1312043034,13.46000000,2.00000000
1312043034,13.46000000,0.00000148
1312043089,13.45125000,1.55000000
1312043089,13.45123000,2.45000000
1312043192,13.50146000,0.03572087
1312043200,13.50321000,0.03572087
1312043200,13.50492000,0.01071262
1312043201,13.50492000,0.01859223
1312043202,13.50492000,0.01858996
1312043202,13.50492000,0.00866201
1312043202,13.50493000,0.00992567
1312043203,13.50493000,0.01858539
1312043204,13.50493000,0.00720981
1312043204,13.50661000,0.01137326
1312043204,13.50661000,0.01858071
1312043205,13.50661000,0.01857830
1312043205,13.50661000,0.01857583
1312043206,13.50661000,0.01857328
1312043207,13.50661000,0.00659631
1312043207,13.50828000,0.01197432
1312043207,13.50147000,0.17325329
1312043212,13.50147000,0.06930132
1312043212,13.50147000,0.06930132
1312043213,13.50147000,0.06930132
1312043214,13.50147000,0.06930132
1312043259,13.50299000,0.06930132
1312043259,13.50471000,0.06930132
1312043259,13.50640000,0.06930132
1312043259,13.50806000,0.06930132
1312043259,13.50828000,0.08030337
1312043259,13.50865000,0.00078939
1312043259,13.50972000,0.06930132
1312043259,13.50993000,0.09227769
1312043259,13.51009000,0.06905825
1312043259,13.51137000,0.06930132
1312043259,13.51157000,0.05655682
1312043259,13.51158000,0.03572087
1312043259,13.51174000,0.06905825
1312043259,13.51990000,8.65375081
1312043259,13.52853000,10.88911502
1312043259,13.53000000,1.00000000
1312043260,13.54000000,0.41366101
1312043260,13.54900000,1.00000000
1312043260,13.54990000,0.35432900
1312043260,13.54998000,2.96379520
1312043260,13.55000000,3.70000000
1312043260,13.55000000,0.50000000
1312043260,13.55000000,5.00000000
1312043260,13.55000000,2.50000000
1312043260,13.56000000,3.20000000
1312043260,13.56940000,4.00000000
1312043260,13.56950000,3.00000000
1312043260,13.56990000,165.48283642
1312043260,13.57000000,0.93000000
1312043260,13.57000000,12.10000000
1312043260,13.57000000,0.35000000
1312043260,13.57300000,20.00000000
1312043260,13.57500000,9.04085900
1312043260,13.57800000,1.00000813
1312043260,13.57989000,2.40000000
1312043260,13.57990000,1.00000000
1312043261,13.58000000,139.70207285
1312043310,13.50147000,10.02563195
1312043338,13.50147000,2.22818861
1312043338,13.50147000,0.08000000
1312043384,13.50147000,6.05267539
1312043384,13.55000000,1.00000000
1312043384,13.58000000,1.00000000
1312043385,13.58771000,0.04614000
1312043385,13.59000000,100.00000000
1312043385,13.59000000,5.00000000
1312043385,13.59000000,1.00000000
1312043385,13.59000000,0.12410702
1312043385,13.59400000,13.80000000
1312043385,13.59800000,41.67783499
1312043385,13.59899000,1.00000000
1312043385,13.59900000,50.00000000
1312043385,13.59900000,2.00000000
1312043385,13.59998000,3.00000000
1312043385,13.59999000,1.00000000
1312043385,13.60000000,5.98200000
1312043385,13.60000000,0.99700000
1312043385,13.60000000,4.00000000
1312043385,13.60000000,0.50000000
1312043385,13.60000000,1.00000000
1312043385,13.60000000,163.22024260
1312043402,13.48000000,1.00439614
1312043402,13.46073000,0.02560386
1312043449,13.59998000,6.56800000
1312043449,13.60000000,37.43200000
1312043497,13.50000000,1.89900000
1312043500,13.50000000,0.29918667
1312043501,13.50000000,0.11979611
1312043501,13.50000000,0.11978148
1312043502,13.50000000,0.11976680
1312043503,13.50000000,0.11975200
1312043503,13.50000000,0.11973703
1312043504,13.50000000,0.11972181
1312043504,13.50000000,0.00139410
1312043506,13.52699000,0.04631076
1312043507,13.52699000,0.01852430
1312043508,13.52699000,0.01852430
1312043508,13.52699000,0.01852430
1312043509,13.52699000,0.01777315
1312043509,13.52506000,0.00075115
1312043509,13.52506000,0.01852430
1312043510,13.52506000,0.01852430
1312043510,13.52506000,0.01852430
1312043511,13.52506000,0.01852430
1312043511,13.52506000,0.01852430
1312043512,13.52506000,0.01852430
1312043590,13.56253000,0.01000000
1312043646,13.52506000,0.00777693
1312043800,13.52320000,0.11969033
1312043802,13.52319000,0.02251589
1312043808,13.52140000,0.11831218
1312043808,13.50000000,0.15649234
1312043814,13.50000000,0.10992181
1312043814,13.50000000,0.10992181
1312043815,13.50000000,0.10992181
1312044086,13.50000000,41.36818568
1312044100,13.50000000,0.16231619
1312044100,13.50000000,0.06499227
1312044101,13.50000000,0.06498434
1312044101,13.50000000,0.06497639
1312044102,13.50000000,0.06496837
1312044102,13.50000000,0.06496026
1312044103,13.50000000,0.06495202
1312044104,13.50000000,0.06494360
1312044104,13.50000000,0.06493496
1312044105,13.50000000,0.06492605
1312044105,13.50000000,0.06491680
1312044155,13.48010000,4.00000000
1312044393,13.48050000,9.00000000
1312044393,13.48000000,4.28000000
1312044393,13.47000000,12.15000000
1312044393,13.46063000,0.03364000
1312044393,13.46010000,3.50000000
1312044393,13.46001000,1.00000000
1312044393,13.46000000,101.71152614
1312044467,13.46014000,1.76800000
1312044467,13.46012000,9.00000000
1312044475,13.46001000,1.64500000
1312044479,13.46001000,6.00000000
1312044487,13.46001000,11.58700000
1312044487,13.49316000,0.16188712
1312044488,13.49337000,0.02808111
1312044541,13.49338000,0.51767810
1312044673,13.49518000,0.06475485
1312044700,13.49539000,0.01123245
1312044700,13.49711000,0.03968301
1312044701,13.49711000,0.02038685
1312044701,13.49711000,0.00468499
1312044701,13.49732000,0.01123245
1312044701,13.49897000,0.00446692
1312044702,13.49897000,0.02038186
1312044702,13.49897000,0.02037934
1312044703,13.49897000,0.01952673
1312044703,13.49917000,0.00085007
1312044704,13.49917000,0.01038238
1312044704,13.50077000,0.00999183
1312044704,13.50077000,0.02037156
1312044705,13.50077000,0.02036885
1312044705,13.50077000,0.01402261
1312044705,13.50097000,0.00634344
1312044709,13.50097000,0.00488901
1312044709,13.50111000,0.01547413
1312044808,13.50111000,0.09444768
1312044820,13.50253000,0.06475485
1312044820,13.50272000,0.01123245
1312044820,13.50286000,0.10992181
1312044820,13.50425000,0.06475485
1312044820,13.50444000,0.01123245
1312044820,13.50457000,0.10992181
1312044820,13.50594000,0.06475485
1312044820,13.50613000,0.01123245
1312044820,13.50626000,0.10992181
1312044820,13.50761000,0.06475485
1312044820,13.50779000,0.01123245
1312044820,13.50793000,0.10992181
1312044820,13.50927000,0.06475485
1312044820,13.50945000,0.01123245
1312044820,13.50958000,0.10992181
1312044820,13.51092000,0.06475485
1312044820,13.51110000,0.01123245
1312044820,13.51123000,0.10992178
1312044820,13.55000000,1.00000000
1312044821,13.56252000,3.88454537
1312045008,13.52649000,0.05078089
1312045009,13.52649000,0.02031236
1312045009,13.52649000,0.02031236
1312045010,13.52649000,0.02031236
1312045010,13.52649000,0.00494364
1312045010,13.52456000,0.01536872
1312045012,13.52456000,0.02031236
1312045012,13.52456000,0.02031236
1312045013,13.52456000,0.02031236
1312045014,13.52456000,0.02031236
1312045014,13.52456000,0.02006005
1312045014,13.52447000,0.00025231
1312045014,13.52447000,0.02031236
1312045028,13.55111000,2.96000000
1312045031,13.56252000,3.11545463
1312045043,13.56253000,0.44654943
1312045083,13.57127000,0.01000000
1312045085,13.56253000,0.97158630
1312045294,13.57501000,1.02601611
1312045310,13.57501000,0.05062854
1312045311,13.57501000,0.02025142
1312045312,13.57501000,0.02025142
1312045312,13.57501000,0.02025142
1312045312,13.57501000,0.02025142
1312045313,13.57501000,0.02025142
1312045314,13.57501000,0.02025142
1312045314,13.57501000,0.02025142
1312045315,13.57501000,0.02025142
1312045315,13.57501000,0.02025142
1312045316,13.57501000,0.02025140
1312045411,13.58000000,0.10000000
1312045411,13.58000000,2.00000000
1312045411,13.58000000,1.30000000
1312045511,13.57501000,0.32084117
1312045555,13.53000000,1.12480883
1312045644,13.53000000,3.87519117
1312045907,13.52697000,0.02026287
1312045953,13.52680000,0.02025012
1312045959,13.52679000,0.01590029
1312046068,13.52501000,0.02026580
1312046115,13.52500000,0.20504692
1312046115,13.52501000,0.05100000
1312046115,13.52999000,1.12480883
1312046115,13.58000000,0.70000000
1312046115,13.58990000,5.00000000
1312046115,13.58990000,12.54125048
1312046133,13.52492000,0.02000000
1312046200,13.52679000,0.01610729
1312046288,13.52679000,0.05467076
1312046439,13.52492000,0.03066483
1312046502,13.52485000,0.02000000
1312046505,13.52485000,0.00025304
1312046505,13.52476000,0.01974696
1312046506,13.52476000,0.01900040
1312046528,13.52491000,1.91466441
1312046528,13.52500000,0.07100000
1312046528,13.53000000,1.00000000
1312046590,13.58989000,0.01200000
1312046618,13.58989000,8.58660576
1312046653,13.52476000,0.01188557
1312046653,13.52447000,0.00011443
1312046759,13.52447000,0.07000000
1312046761,13.52447000,0.07000000
1312046762,13.53200000,4.89000000
1312046803,13.52447000,0.13101834
1312046809,13.52313000,0.02026862
1312046809,13.52298000,0.02025585
1312046809,13.52271000,0.01674933
1312046809,13.52271000,0.02290952
1312046810,13.52271000,0.02290952
1312046810,13.52271000,0.02290952
1312046811,13.52446000,0.86598166
1312046811,13.53200000,0.66000000
1312046811,13.53201000,0.02290952
1312046812,13.53201000,0.02290952
1312046812,13.53201000,0.02290952
1312046813,13.53201000,0.02290952
1312046813,13.53201000,0.02290952
1312046814,13.53201000,0.02290952
1312046814,13.53201000,0.02290952
1312047107,13.53300000,0.05124992
1312047108,13.53300000,0.02049997
1312047109,13.53300000,0.02049997
1312047109,13.53300000,0.02049997
1312047110,13.53300000,0.02049997
1312047110,13.53300000,0.02049997
1312047111,13.53300000,0.02049997
1312047111,13.53300000,0.02049997
1312047112,13.53300000,0.02049997
1312047113,13.53300000,0.02049997
1312047113,13.53300000,0.02049997
1312047146,13.53300000,4.42769181
1312047197,13.53300000,3.38250000
1312047214,13.53300000,6.87800000
1312047246,13.56299000,0.10000000
1312047563,13.53301000,1.13000000
1312047591,13.53301000,0.10000000
1312047900,13.53301000,1.12000000
1312047974,13.53301000,2.65000000
1312047974,13.53300000,5.05555857
1312047974,13.53300000,0.01600000
1312047974,13.53201000,13.66365170
1312047975,13.52628000,0.02564436
1312047975,13.52616000,0.02044920
1312047975,13.52438000,0.02564797
1312047975,13.52429000,0.06412034
1312047975,13.52427000,0.02045207
1312047975,13.52418000,0.05113049
1312047975,13.52271000,0.03121631
1312047975,13.52254000,0.02565145
1312047975,13.52244000,0.02045483
1312047975,13.52131000,0.02027135
1312047975,13.52116000,0.02025857
1312047975,13.52091000,0.11670970
1312047975,13.52076000,0.02565482
1312047975,13.52067000,0.02045751
1312047975,13.51953000,0.02027402
1312047975,13.51939000,0.02026122
1312047975,13.51916000,0.11672481
1312047976,13.51903000,0.02565811
1312047976,13.51894000,0.02046012
1312047976,13.51779000,0.02027663
1312047976,13.51766000,0.02026382
1312047976,13.51745000,0.11673960
1312047976,13.51734000,0.02566133
1312047976,13.51725000,0.02046268
1312047976,13.51608000,0.02027920
1312047976,13.51595000,0.02026638
1312047976,13.51576000,0.11675416
1312047976,13.51567000,0.02566449
1312047976,13.51559000,0.02046519
1312047976,13.51438000,0.02028174
1312047976,13.51427000,0.02026890
1312047976,13.51410000,0.11676854
1312047976,13.51402000,0.02566762
1312047976,13.51395000,0.02046768
1312047976,13.51271000,0.02028426
1312047976,13.51260000,0.02027141
1312047976,13.51245000,0.11678281
1312047976,13.51238000,0.02567073
1312047976,13.51232000,0.02047015
1312047977,13.51103000,0.02028677
1312047977,13.51093000,0.02027391
1312047977,13.51080000,0.11677694
1312047977,13.51076000,0.02567382
1312047977,13.51070000,0.02047192
1312047977,13.50112000,0.24000000
1312047977,13.50000000,23.53501180
1312048000,13.50000000,0.34072434
1312048010,13.50000000,0.13628974
1312048010,13.50000000,0.13628974
1312048011,13.50000000,0.13628974
1312048140,13.50065000,0.13628974
1312048141,13.50237000,0.13628974
1312048141,13.50405000,0.13628974
1312048141,13.50571000,0.13628974
1312048141,13.50734000,0.13628974
1312048141,13.50896000,0.13628974
1312048141,13.51058000,0.13628972
1312048141,13.53300000,0.17976494
1312048141,13.54490000,0.10000000
1312048165,13.54491000,1.00000000
1312048254,13.54491000,0.20000000
1312048338,13.55449000,0.10000000
1312048397,13.55450000,0.40000000
1312048397,13.56440000,0.10000000
1312048477,13.57449000,0.50000000
1312048499,13.58000000,1.12047000
1312048499,13.55450000,2.87953000
1312048527,13.57450000,7.39200000
1312048646,13.57450000,4.00000000
1312048709,13.57450000,0.20000000
1312048890,13.57450000,0.19800000
1312048890,13.55450000,0.87047000
1312049049,13.54491000,0.10000000
1312049061,13.54491000,0.06000000
1312049101,13.52614000,0.13565009
1312049101,13.52425000,0.13566908
1312049101,13.52416000,0.33917489
1312049101,13.52341000,1.33950594
1312049159,13.52341000,0.79449406
1312049200,13.52243000,0.12173252
1312049201,13.52243000,0.01395486
1312049201,13.52138000,0.03473815
1312049201,13.52138000,0.04869301
1312049202,13.52138000,0.04869301
1312049203,13.52138000,0.00187583
1312049203,13.52066000,0.04681718
1312049203,13.52066000,0.04869301
1312049204,13.52066000,0.04019492
1312049204,13.51894000,0.00849809
1312049204,13.51894000,0.04869301
1312049205,13.51894000,0.04869301
1312049205,13.51894000,0.02983827
1312049205,13.51725000,0.01885474
1312049209,13.51725000,0.04869301
1312049221,13.52340000,4.62769194
1312049378,13.51725000,0.06819156
1312049391,13.51559000,0.10000000
1312049408,13.51559000,0.03575596
1312049408,13.51396000,0.13577241
1312049408,13.51233000,0.13578874
1312049408,13.51071000,0.13580115
1312049408,13.50412000,2.98688174
1312049500,13.52100000,0.12133171
1312049504,13.52100000,0.04853901
1312049505,13.52100000,0.04853237
1312049505,13.52097000,0.04854545
1312049505,13.51922000,0.04855172
1312049505,13.51751000,0.00290283
1312049505,13.52100000,0.04852547
1312049506,13.51751000,0.04565504
1312049506,13.51583000,0.04856392
1312049506,13.51417000,0.04856989
1312049506,13.51252000,0.04857582
1312049506,13.51087000,0.02517823
1312049506,13.51087000,0.02340350
1312049509,13.50412000,0.08661716
1312049509,13.50412000,0.08661716
1312049510,13.50412000,0.08661716
1312049510,13.50412000,0.08661716
1312049511,13.50412000,0.08661716
1312049559,13.50412000,0.10000000
1312049591,13.50412000,0.99700000
1312049656,13.50412000,0.10000000
1312049678,13.50412000,2.50600000
1312049732,13.50412000,39.00103246
1312049732,13.50001000,5.00000000
1312049732,13.50000000,30.99896754
1312049751,13.50000000,0.10000000
1312049801,13.50423000,0.08661716
1312049801,13.50592000,0.04743302
1312049802,13.50592000,0.03918414
1312049802,13.50758000,0.01449012
1312049802,13.50758000,0.05366774
1312049804,13.50758000,0.01845930
1312049804,13.50923000,0.03520188
1312049805,13.50923000,0.05141528
1312049806,13.51087000,0.00223930
1312049806,13.51087000,0.05364790
1312049806,13.51087000,0.00732646
1312049811,13.52100000,0.05362706
1312049812,13.52100000,0.04044438
1312049812,13.52110000,0.01317534
1312049812,13.52110000,0.05361210
1312049812,13.52092000,0.05363418
1312049812,13.51917000,0.04631465
1312049813,13.50000000,0.02106203
1312049818,13.50000000,0.04840434
1312049820,13.50000000,0.04840434
1312049820,13.50000000,0.04840434
1312049850,13.50000000,0.10000000
1312049856,13.50000000,0.10000000
1312049857,13.50000000,0.10000000
1312049873,13.50000000,0.20000000
1312049880,13.50000000,0.10000000
1312049897,13.50000000,0.20000000
1312049914,13.50000000,0.20000000
1312049987,13.50000000,0.09670000
1312050079,13.50000000,7.20000000
1312050100,13.50072000,0.04840434
1312050100,13.50247000,0.04840434
1312050100,13.50418000,0.03786792
1312050101,13.50418000,0.01053642
1312050101,13.50586000,0.04338867
1312050101,13.50586000,0.00501567
1312050101,13.50752000,0.04840434
1312050101,13.50917000,0.00049852
1312050102,13.50917000,0.04790582
1312050102,13.51082000,0.00600613
1312050103,13.51082000,0.04239821
1312050105,13.52110000,0.05387766
1312050106,13.52110000,0.05387029
1312050107,13.52110000,0.05386263
1312050110,13.52090000,0.05388481
1312050110,13.51915000,0.05389178
1312050110,13.51744000,0.02591913
1312050110,13.51744000,0.02797947
1312050110,13.51576000,0.01150711
1312050114,13.50000000,0.05347829
1312050114,13.50000000,0.05347829
1312050115,13.50000000,0.05347829
1312050139,13.50000000,1.70000000
1312050274,13.50070000,0.05347829
1312050323,13.50071000,1.11100247
1312050400,13.50245000,0.05347829
1312050400,13.50416000,0.05347829
1312050400,13.50584000,0.03767650
1312050401,13.50584000,0.01580179
1312050401,13.50751000,0.04210992
1312050402,13.50751000,0.01136837
1312050402,13.50916000,0.04653630
1312050403,13.50916000,0.00694199
1312050403,13.51080000,0.01399171
1312050406,13.52110000,0.05786078
1312050406,13.52110000,0.05785285
1312050407,13.52110000,0.05784463
1312050407,13.52090000,0.05786845
1312050407,13.51915000,0.05787593
1312050407,13.51744000,0.01857609
1312050408,13.51744000,0.03930717
1312050408,13.51576000,0.01442102
1312050408,13.51576000,0.04346945
1312050408,13.51409000,0.01025874
1312050409,13.51409000,0.02670516
1312050411,13.50071000,0.05372819
1312050411,13.50071000,0.05372819
1312050412,13.50071000,0.05372819
1312050412,13.50071000,0.05372819
1312050618,13.50245000,0.05372819
1312050700,13.50416000,0.05372819
1312050700,13.50584000,0.05372819
1312050700,13.50751000,0.02702303
1312050700,13.52110000,0.02859558
1312050704,13.52110000,0.06523850
1312050705,13.52110000,0.06522957
1312050705,13.52110000,0.06522030
1312050706,13.52086000,0.06524716
1312050706,13.51911000,0.06525560
1312050706,13.51740000,0.01374787
1312050706,13.51740000,0.05151599
1312050706,13.51572000,0.00618426
1312050707,13.51572000,0.05770025
1312050707,13.51572000,0.00138748
1312050707,13.51405000,0.05631277
1312050707,13.51405000,0.00896725
1312050708,13.51240000,0.04873300
1312050708,13.51240000,0.01655500
1312050708,13.51076000,0.04114525
1312050708,13.51076000,0.02415069
1312050708,13.50246000,0.03354956
1312050709,13.50246000,0.05770025
1312050709,13.50246000,0.05770025
1312050710,13.50246000,0.05770025
1312050711,13.50246000,0.05770025
1312050740,13.50246000,32.13192125
1312050740,13.50000000,4.29301718
1312050740,13.50000000,49.47506157
1312051001,13.52110000,0.17050054
1312051005,13.52110000,0.06820909
1312051005,13.52110000,0.06819977
1312051006,13.52110000,0.06819009
1312051006,13.52084000,0.06821813
1312051010,13.51910000,0.06822693
1312051010,13.51739000,0.02619873
1312051011,13.51739000,0.04203683
1312051011,13.51571000,0.02302068
1312051011,13.51571000,0.04522336
1312051011,13.51405000,0.01983415
1312051011,13.51405000,0.04841828
1312051011,13.51240000,0.01663923
1312051012,13.51240000,0.05162152
1312051012,13.51076000,0.01343599
1312051012,13.51076000,0.05483305
1312051014,13.50000000,0.06505751
1312051014,13.50000000,0.06505751
1312051015,13.50000000,0.06505751
1312051078,13.50067000,0.06505751
1312051078,13.50242000,0.06505751
1312051078,13.50413000,0.01022446
1312051078,13.52110000,8.99866028
1312051306,13.52649000,0.06478884
1312051306,13.52457000,0.06479806
1312051306,13.52448000,0.04046270
1312051306,13.52448000,0.06801984
1312051307,13.52448000,0.05351367
1312051307,13.52271000,0.01450617
1312051307,13.52271000,0.05030077
1312051307,13.52111000,0.01771907
1312051308,13.52111000,0.06801984
1312051308,13.52111000,0.06801984
1312051309,13.52111000,0.06801984
1312051309,13.52111000,0.06801984
1312051310,13.52111000,0.06801984
1312051310,13.52111000,0.06801984
1312051311,13.52111000,0.06801984
1312051606,13.55006000,0.01000000
1312051606,13.52674000,0.06106418
1312051606,13.52674000,0.00673062
1312051606,13.52481000,0.02169505
1312051607,13.52481000,0.02842567
1312051607,13.52481000,0.01768377
1312051607,13.52472000,0.01074190
1312051608,13.52472000,0.02842567
1312051609,13.52472000,0.02842567
1312051609,13.52472000,0.02842567
1312051610,13.52472000,0.02842567
1312051610,13.52472000,0.02842567
1312051611,13.52472000,0.01664209
1312051611,13.52295000,0.01178358
1312051611,13.52295000,0.02842567
1312051651,13.52295000,0.02760458
1312051697,13.52114000,0.06782288
1312051731,13.52111000,5.00000000
1312051737,13.52111000,5.00000000
1312051834,13.57449000,0.10000000
1312051901,13.57450000,0.10000000
1312051906,13.52703000,0.02833809
1312051906,13.52508000,0.02834217
1312051906,13.52499000,0.03120495
1312051907,13.52499000,0.03515409
1312051907,13.52499000,0.00449687
1312051907,13.52320000,0.02834611
1312051907,13.52138000,0.00231111
1312051908,13.52138000,0.02603882
1312051908,13.52111000,0.00911527
1312051908,13.52111000,0.03515409
1312051909,13.52111000,0.03515409
1312051910,13.52111000,0.03515409
1312051911,13.52111000,0.03515409
1312051911,13.52111000,0.03515409
1312051912,13.52111000,0.03515409
1312051912,13.52111000,0.03515409
1312051932,13.52111000,1.53000000
1312052184,13.57200000,0.10000000
1312052185,13.52111000,22.58194839
1312052185,13.52092000,0.06481555
1312052185,13.51961000,0.02835365
1312052185,13.51939000,0.06783169
1312052185,13.51917000,0.06482393
1312052185,13.51787000,0.02835729
1312052185,13.51767000,0.06784033
1312052185,13.51745000,0.06483215
1312052185,13.51616000,0.02836088
1312052185,13.51597000,0.06784883
1312052185,13.51577000,0.06484023
1312052185,13.51447000,0.02836442
1312052185,13.51430000,0.06785723
1312052185,13.51411000,0.06484821
1312052185,13.51280000,0.02836794
1312052185,13.51264000,0.06786556
1312052185,13.51245000,0.06485614
1312052185,13.51113000,0.02837144
1312052185,13.51099000,0.06787386
1312052185,13.51081000,0.06485325
1312052185,13.50000000,50.32976590
1312052185,13.50000000,25.95712313
1312052206,13.52697000,0.03503679
1312052206,13.52502000,0.03504185
1312052206,13.52493000,0.08760521
1312052206,13.52314000,0.03504672
1312052206,13.52131000,0.03505145
1312052206,13.51954000,0.01456770
1312052206,13.51954000,0.02048835
1312052206,13.51780000,0.03506056
1312052206,13.51609000,0.03506499
1312052206,13.51440000,0.00632599
1312052206,13.51440000,0.02874338
1312052207,13.51273000,0.03507372
1312052207,13.51106000,0.03312279
1312052207,13.51106000,0.00194921
1312052209,13.50000000,0.09693989
1312052210,13.50000000,0.09693989
1312052211,13.50000000,0.09693989
1312052483,13.50080000,0.09693989
1312052484,13.50080000,0.25379829
1312052502,13.50080000,0.06620171
1312052504,13.50257000,0.09693989
1312052505,13.50431000,0.00138042
1312052508,13.50431000,0.06587629
1312052510,13.50431000,0.02968318
1312052511,13.50602000,0.03618498
1312052513,13.50602000,0.06075491
1312052514,13.50771000,0.00510510
1312052516,13.50771000,0.06585178
1312052518,13.50771000,0.02403380
1312052555,13.52683000,0.06579888
1312052556,13.52488000,0.02157395
1312052557,13.52488000,0.03494913
1312052558,13.52488000,0.00928529
1312052559,13.52300000,0.02566384
1312052561,13.52300000,0.03494913
1312052562,13.52300000,0.00520454
1312052563,13.52118000,0.02974459
1312052564,13.52118000,0.03494913
1312052565,13.52118000,0.00113265
1312052566,13.51941000,0.03381648
1312052567,13.51941000,0.03201853
1312052568,13.51767000,0.00293060
1312052569,13.51767000,0.03494913
1312052570,13.51767000,0.00392993
1312052571,13.50000000,0.03101920
1312052573,13.50000000,0.03494913
1312052660,13.50000000,4.06216288
1312052750,13.50000000,20.00000000
1312052767,13.50000000,1.00000000
1312052820,13.52682000,0.06558250
1312052821,13.52487000,0.06559195
1312052822,13.52478000,0.03291337
1312052826,13.52478000,0.06563513
1312052827,13.52478000,0.06543246
1312052828,13.52299000,0.00020267
1312052829,13.52299000,0.06539839
1312052830,13.52117000,0.00023674
1312052831,13.52117000,0.06537315
1312052832,13.51940000,0.00026198
1312052833,13.51940000,0.06535651
1312052834,13.51766000,0.00027862
1312052835,13.51766000,0.06534829
1312052836,13.51595000,0.00028684
1312052837,13.51595000,0.06534836
1312052838,13.51427000,0.00028677
1312053123,13.52684000,0.04971645
1312053124,13.52489000,0.04972362
1312053125,13.52480000,0.06427363
1312053127,13.52480000,0.06003624
1312053128,13.52301000,0.00544924
1312053131,13.52301000,0.04428129
1312053133,13.52119000,0.02120419
1312053135,13.52119000,0.02853303
1312053136,13.51942000,0.03695245
1312053137,13.51942000,0.01279130
1312053138,13.51768000,0.04975014
1312053139,13.51597000,0.00294404
1312053140,13.51597000,0.04681239
1312053141,13.51428000,0.01867309
1312053142,13.51428000,0.03108955
1312053143,13.51427000,0.03439593
1312053144,13.51427000,0.03096070
1312053145,13.51261000,0.03452478
1312053146,13.51261000,0.01524403
1312053147,13.51259000,0.05024145
1312053148,13.51259000,0.01541008
1312053149,13.51094000,0.04977495
1312053150,13.51093000,0.00030045
1312053151,13.51093000,0.06535010
1312053152,13.50100000,0.00013538
1312053185,13.50100000,3.49755276
1312053194,13.50100000,0.50000000
1312053258,13.51596000,0.28000000
1312053304,13.51597000,0.10000000
1312053414,13.52701000,0.06524635
1312053415,13.52505000,0.06525578
1312053416,13.52496000,0.03269344
1312053417,13.52496000,0.06527823
1312053418,13.52496000,0.06516887
1312053419,13.52317000,0.00010936
1312053420,13.52317000,0.06515550
1312053422,13.52135000,0.00012273
1312053436,13.52135000,0.06515094
1312053437,13.51957000,0.00012729
1312053438,13.51957000,0.06515495
1312053439,13.51783000,0.00012328
1312053440,13.51783000,0.06516737
1312053441,13.51612000,0.00011086
1312053442,13.56449000,0.10000000
1312053444,13.56449000,0.06527823
1312053445,13.56449000,0.06527823
1312053446,13.56449000,0.06527823
1312053447,13.56449000,0.06527823
1312053461,13.56449000,0.73000000
1312053576,13.56949000,0.01000000
1312053577,13.56949000,0.08000000
1312053578,13.56449000,0.91000000
1312053643,13.57449000,0.03745274
1312053644,13.57904000,2.07210354
1312053661,13.57904000,0.00034372
1312053720,13.56949000,0.08000000
1312053721,13.56449000,0.03064006
1312053722,13.56449000,0.04425603
1312053723,13.56449000,0.04425603
1312053724,13.56449000,0.04425603
1312053725,13.56449000,0.04425603
1312053726,13.56449000,0.04425603
1312053727,13.56449000,0.04425603
1312053728,13.56449000,0.04425603
1312053729,13.56449000,0.04425603
1312053731,13.56449000,0.04425603
1312053732,13.56449000,0.04425599
1312053750,13.56449000,6.01300000
1312053770,13.56948000,1.49278970
1312053780,13.56948000,3.50721030
1312053782,13.57904000,4.69278970
1312053924,13.56449000,5.00000000
1312053932,13.56449000,10.00000000
1312054025,13.57904000,5.23476304
1312054087,13.57904000,20.00000000
1312054142,13.58900000,2.00000000
1312054143,13.58900000,2.00000000
1312054145,13.58900000,10.00000000
1312054219,13.57904000,4.03000000
1312054378,13.57904000,50.00000000
1312054456,13.57904000,5.18000000
1312054626,13.58000000,5.00000000
1312054880,13.58000000,4.31454000
1312055235,13.58900000,8.25600000
1312055580,13.58900000,3.39669376
1312055612,13.52789000,0.04424561
1312055613,13.52746000,0.06512540
1312055615,13.52591000,0.04425206
1312055616,13.52582000,0.11063088
1312055618,13.52550000,0.06513485
1312055620,13.52541000,0.16283822
1312055622,13.52402000,0.04425827
1312055649,13.52360000,0.06514396
1312055651,13.52218000,0.04426429
1312055652,13.52177000,0.06515279
1312055654,13.52038000,0.04427016
1312055655,13.51999000,0.06516139
1312055681,13.51863000,0.04427591
1312055682,13.51824000,0.06516982
1312055684,13.51690000,0.04428156
1312055685,13.51652000,0.06517811
1312055687,13.51612000,0.06518805
1312055688,13.51519000,0.04428715
1312055689,13.51482000,0.06518631
1312055695,13.51457000,2.79243309
1312055696,13.58989000,3.09456691
1312055785,13.52359000,0.46500000
1312055793,13.52360000,12.22300000
1312055800,13.52360000,0.24208054
1312055803,13.52360000,0.09683221
1312055804,13.52360000,0.09683221
1312055805,13.52360000,0.09683221
1312055806,13.52360000,0.09683221
1312055808,13.52360000,0.09683221
1312055809,13.52360000,2.75000000
1312055810,13.52360000,0.09683221
1312055811,13.52360000,0.09683221
1312055812,13.52360000,0.09683221
1312055813,13.52360000,0.09683221
1312055814,13.52360000,0.09683221
1312055840,13.58989000,0.11536605
1312055883,13.52360000,1.01000000
1312056181,13.53056000,0.09649209
1312056183,13.52850000,0.09650681
1312056185,13.52840000,0.24126873
1312056186,13.52651000,0.09652099
1312056188,13.52458000,0.09653474
1312056190,13.52360000,19.37267664
1312056288,13.52362000,1.52800000
1312056289,13.52360000,1.40266622
1312056402,13.52362000,0.12508829
1312056403,13.52362000,0.05003531
1312056404,13.52362000,0.05003531
1312056405,13.52362000,0.05003531
1312056407,13.52362000,0.05003531
1312056408,13.52362000,0.05003531
1312056409,13.52362000,0.05003531
1312056410,13.52362000,0.05003531
1312056411,13.52362000,0.05003531
1312056412,13.52362000,0.05003531
1312056420,13.52362000,0.05003531
1312056443,13.52362000,0.79655861
1312056459,13.52361000,0.58344139
1312056770,13.53043000,0.04986065
1312056841,13.52900000,1.00000000
1312056996,13.53042000,0.15013935
1312057067,13.53045000,1.28200000
1312057068,13.53043000,19.84986065
1312057073,13.52901000,1.19200000
1312057374,13.52901000,15.34613935
1312057531,13.58000000,12.44900000
1312057618,13.58000000,16.20000000
1312057826,13.53102000,1.10900000
1312057828,13.53100000,3.89100000
1312058038,13.53100000,8.20000000
1312058083,13.53100000,7.90900000
1312058084,13.52837000,0.04986825
1312058085,13.52827000,0.12467150
1312058086,13.52638000,0.04987557
1312058087,13.52500000,12.22812939
1312058088,13.52446000,0.04988266
1312058089,13.52400000,4.32360913
1312058090,13.52370000,4.33396350
1312058201,13.52370000,0.06463724
1312058203,13.52370000,0.02585490
1312058204,13.52370000,0.02585490
1312058205,13.52370000,0.02585490
1312058207,13.52370000,0.02585490
1312058208,13.52370000,0.02585490
1312058209,13.52370000,0.02585490
1312058210,13.52370000,0.02585490
1312058211,13.52370000,0.02585490
1312058212,13.52370000,0.02585490
1312058220,13.52370000,0.02585486
1312058434,13.52370000,1.00000000
1312058587,13.58000000,4.35100000
1312058588,13.58000000,2.24474550
1312058709,13.58001000,5.00000000
1312058810,13.58989000,0.79006704
1312058812,13.58990000,5.00993296
1312058907,13.58496000,0.01000000
1312059048,13.58495000,0.43074799
1312059060,13.58001000,0.42945575
1312059131,13.58001000,0.44000000
1312059204,13.58495000,0.43851983
1312059223,13.58001000,0.43720427
1312059224,13.58001000,2.00000000
1312059235,13.58495000,0.43573439
1312059238,13.58001000,0.43442719
1312059251,13.58495000,0.43296630
1312059260,13.58001000,0.43166740
1312059269,13.58495000,0.43021547
1312059271,13.58001000,3.70000000
1312059280,13.58001000,0.42892482
1312059282,13.58495000,0.42748230
1312059290,13.58001000,0.42619985
1312059300,13.58495000,0.42476680
1312059308,13.58001000,0.42349250
1312059334,13.58495000,0.42206822
1312059336,13.58495000,4.04749870
1312059358,13.58496000,0.42080202
1312059478,13.58496000,1.00000000
1312059768,13.58990000,0.41938719
1312059894,13.58496000,1.00000000
1312059927,13.58990000,2.57500000
1312060042,13.58496000,0.10000000
1312060063,13.58990000,0.09966364
1312060339,13.58496000,3.43169928
1312060340,13.58001000,9.25288272
1312060341,13.54000000,2.00000000
1312060342,13.53055000,0.02576454
1312060343,13.52849000,0.02576847
1312060344,13.52839000,0.06442162
1312060346,13.52650000,0.02577225
1312060347,13.52490000,38.76369112
1312060525,13.58990000,3.20642903
1312060601,13.52492000,0.02826034
1312060603,13.52492000,0.01130414
1312060604,13.52492000,0.01130414
1312060605,13.52492000,0.01130414
1312060608,13.52492000,0.01130414
1312060609,13.52492000,0.01130414
1312060610,13.52492000,0.01130414
1312060612,13.52492000,0.01130414
1312060613,13.52492000,0.01130414
1312060614,13.52492000,0.01130414
1312060620,13.52492000,0.01130410
1312061301,13.58990000,0.05018055
1312061349,13.53308000,0.01126411
1312061429,13.53089000,0.01126593
1312061430,13.53079000,0.02816504
1312061431,13.52877000,0.01126769
1312061432,13.52673000,0.01126940
1312061433,13.52490000,9.93803194
1312061502,13.52490000,0.01460249
1312061537,13.53307000,2.00000000
1312061580,13.53307000,0.20000000
1312061616,13.53307000,0.02873589
1312061723,13.52490000,1.28367445
1312061724,13.52473000,0.01127106
1312061725,13.52458000,0.02577592
1312061726,13.52370000,7.27927857
1312061728,13.53309000,1.02000000
1312061815,13.52370000,0.01906916
1312062112,13.52372000,0.01525533
1312062181,13.52372000,2.30074467
1312062182,13.52370000,18.10450257
1312062183,13.52360000,29.59475276
1312062415,13.52502000,0.01220427
1312062677,13.55000000,0.00521207
1312062678,13.58990000,19.99478793
1312062708,13.53215000,0.01218423
1312062709,13.52502000,2.14179573
1312062716,13.52501000,2.00300000
1312062726,13.52501000,1.86400000
1312062780,13.52501000,0.23196705
1312062884,13.58990000,0.08000000
1312062885,13.58990000,0.89000000
1312062886,13.58990000,7.06462248
1312062961,13.59000000,6.00000000
1312063010,13.59001000,0.01219295
1312063032,13.59899000,1.00000000
1312063033,13.59900000,5.00000000
1312063035,13.59900000,3.98569507
1312063080,13.59970000,1.00000000
1312063106,13.59980000,0.85019926
1312063288,13.59486000,0.01000000
1312063419,13.53309000,0.01218811
1312063473,13.53000000,7.96800000
1312063488,13.53308000,0.00070096
1312063489,13.53308000,1.20000000
1312063584,13.59980000,7.33460000
1312063606,13.53002000,0.01218467
1312063692,13.53002000,0.48350000
1312063755,13.54122000,1.35540046
1312064188,13.59980000,33.54408084
1312064189,13.59980000,0.08000000
1312064190,13.59990000,1.00000000
1312064191,13.59999000,1.00000000
1312064192,13.59999000,2.00000000
1312064193,13.59999000,50.00700000
1312064194,13.60000000,1.00000000
1312064195,13.60000000,4.28000000
1312064196,13.60000000,0.08000000
1312064198,13.60000000,5.98199998
1312064199,13.60000000,1.12691918
1312064247,13.60000000,0.34000000
1312065421,13.54122000,1.50200000
1312065428,13.54121000,1.39700000
1312065500,13.54120000,1.34100000
1312065691,13.59449000,0.01000000
1312065717,13.56785000,0.01000000
1312065741,13.54120000,4.31500000
1312065771,13.54120000,1.00863901
1312066119,13.56000000,0.01242035
1312066120,13.54120000,4.33536099
1312066121,13.53376000,0.01217909
1312066122,13.53000000,110.07436585
1312066124,13.52500000,712.00000000
1312066125,13.52360000,131.97150174
1312066126,13.52360000,0.16000000
1312066128,13.52278000,0.01127269
1312066129,13.52271000,0.09654813
1312066130,13.52270000,0.02577949
1312066131,13.52258000,0.04988958
1312066132,13.52087000,0.12234423
1312066133,13.52086000,0.01127429
1312066134,13.52075000,0.04989635
1312066135,13.51906000,0.12236058
1312066136,13.51896000,0.01127587
1312066137,13.51894000,0.04990301
1312066138,13.51728000,0.12237674
1312066139,13.51716000,0.04990960
1312066140,13.51708000,0.01127744
1312066141,13.51551000,0.12239277
1312066142,13.51539000,0.04991613
1312066143,13.51520000,0.01127901
1312066144,13.51443000,0.06530708
1312066145,13.51443000,0.08000000
1312066146,13.51375000,0.02579657
1312066147,13.51374000,0.09661217
1312066149,13.51363000,0.04992264
1312066150,13.51350000,0.04429270
1312066151,13.51313000,0.06519444
1312066152,13.51275000,0.06531519
1312066153,13.51182000,0.04429823
1312066154,13.51146000,0.06520254
1312066155,13.51108000,0.06528345
1312066156,13.51000000,0.02186380
1312066158,13.50100000,6.70364713
1312066159,13.50100000,41.90814828
1312066179,13.49338000,9.87135367
1312066180,13.48001000,1.00000000
1312066181,13.48000000,1.59864633
1312066324,13.50003000,0.31225747
1312066325,13.50236000,0.12490299
1312066326,13.50459000,0.12490299
1312066327,13.50673000,0.12490299
1312066328,13.50881000,0.12490299
1312066329,13.51083000,0.12490299
1312066330,13.51282000,0.12490299
1312066346,13.48024000,1.22700000
1312066357,13.48011000,9.00000000
1312066359,13.48011000,0.75323672
1312066393,13.48000000,1.39695753
1312066394,13.48000000,0.99268695
1312066397,13.48000000,44.63011880
1312066604,13.51477000,0.12490299
1312066605,13.51669000,0.09605292
1312066607,13.51669000,0.02885007
1312066608,13.51861000,0.05963572
1312066610,13.51861000,0.06526727
1312066611,13.52051000,0.02320606
1312066613,13.52051000,0.08846082
1312066615,13.52051000,0.01323611
1312066703,13.53866000,0.08836715
1312066705,13.53643000,0.08838170
1312066706,13.53429000,0.08839570
1312066707,13.53221000,0.08840928
1312066708,13.53018000,0.08842251
1312066740,13.52820000,0.08843547
1312066741,13.52625000,0.07521211
1312066768,13.51478000,1.00000000
1312066901,13.50000000,0.09956684
1312066904,13.50000000,0.03987338
1312066906,13.50000000,0.03986776
1312066909,13.50000000,0.03986212
1312066911,13.50000000,0.25000000
1312066913,13.50000000,0.25000000
1312066973,13.50000000,0.03985643
1312066976,13.50000000,0.03985068
1312066978,13.50000000,0.03984484
1312066980,13.50000000,0.03983887
1312066982,13.50000000,0.03983275
1312066984,13.50000000,0.03982643
1312066986,13.50000000,0.03981988
1312067002,13.48043000,0.25000000
1312067107,13.49998000,0.22038403
1312067201,13.50000000,0.04405275
1312067204,13.50000000,0.01764173
1312067206,13.50000000,0.01763925
1312067208,13.50000000,0.01763675
1312067211,13.50000000,0.01763424
1312067213,13.50000000,0.01763169
1312067221,13.50000000,0.01762911
1312067223,13.50000000,0.01762647
1312067225,13.50000000,0.01762376
1312067227,13.50000000,0.01762097
1312067229,13.50000000,0.01761807
1312067231,13.49999000,0.09930918
1312067244,13.50000000,1.18598131
1312067249,13.50001000,0.25000000
1312067273,13.50001000,4.13450000
1312067399,13.50001000,1.99951869
1312067401,13.49999000,6.99120814
1312067436,13.48053000,9.00000000
1312067437,13.48043000,0.60100000
1312067501,13.50231000,0.01984942
1312067676,13.48073000,0.47565205
1312067713,13.48083000,5.00000000
1312067727,13.49989000,0.04393874
1312067728,13.50222000,0.01757550
1312067729,13.50231000,0.06830419
1312067730,13.50232000,0.03972367
1312067731,13.50445000,0.01757550
1312067732,13.50454000,0.08815361
1312067733,13.50455000,0.03972367
1312067734,13.50660000,0.01757550
1312067735,13.50669000,0.08815361
1312067736,13.50670000,0.03972367
1312067737,13.50868000,0.01757550
1312067738,13.50877000,0.08815361
