1330047226,5.050010000000,1.230000000000
1330047226,5.050010000000,1.230000000000
1330047227,5.050010000000,1.230000000000
1330047229,5.050010000000,1.230000000000
1330047229,5.050010000000,1.230000000000
1330047229,5.050010000000,1.230000000000
1330047229,5.050010000000,1.230000000000
1330047232,5.050010000000,1.230000000000
1330047232,5.050010000000,1.230000000000
1330047232,5.050010000000,1.230000000000
1330047234,5.050010000000,1.230000000000
1330047235,5.050010000000,1.230000000000
1330047235,5.050010000000,1.230000000000
1330047235,5.050010000000,1.230000000000
1330047236,5.050010000000,1.230000000000
1330047237,5.050010000000,1.230000000000
1330047237,5.050010000000,1.230000000000
1330047241,5.050010000000,1.230000000000
1330047241,5.050010000000,1.230000000000
1330047244,5.050010000000,1.230000000000
1330047244,5.050010000000,1.230000000000
1330047244,5.050010000000,0.155514860000
1330047244,5.021010000000,1.074485140000
1330047264,5.021100000000,1.230000000000
1330047268,5.021100000000,1.230000000000
1330047268,5.021100000000,1.230000000000
1330047279,5.021100000000,0.396000000000
1330047279,5.021010000000,0.834000000000
1330047284,5.021030000000,1.018000000000
1330047285,5.021010000000,0.212000000000
1330047296,5.021030000000,0.976600000000
1330047296,5.021010000000,0.253400000000
1330047309,5.021030000000,0.935800000000
1330047309,5.021010000000,0.294200000000
1330047310,5.021010000000,1.230000000000
1330047311,5.021010000000,1.230000000000
1330047311,5.021010000000,1.230000000000
1330047312,5.021010000000,1.230000000000
1330047313,5.021010000000,1.230000000000
1330047313,5.021010000000,1.230000000000
1330047316,5.021010000000,1.230000000000
1330047316,5.021010000000,1.230000000000
1330047316,5.021010000000,1.230000000000
1330047316,5.021010000000,1.230000000000
1330047316,5.021010000000,1.230000000000
1330047316,5.021010000000,1.230000000000
1330047317,5.021030000000,0.897600000000
1330047317,5.021010000000,0.332400000000
1330047317,5.021010000000,1.230000000000
1330047321,5.020540000000,0.077651800000
1330047321,5.020540000000,0.077651800000
1330047321,5.020130000000,1.074696400000
1330047336,5.020150000000,0.860100000000
1330047336,5.020130000000,0.369900000000
1330047339,5.020130000000,1.145142620000
1330047367,5.020150000000,0.824600000000
1330047374,5.020150000000,0.175400000000
1330047411,5.020150000000,0.614800000000
1330047418,5.020150000000,0.385200000000
1330047418,5.020150000000,0.372600000000
1330047426,5.020150000000,0.726400000000
1330047431,5.020150000000,1.674000000000
1330047435,5.020150000000,1.508000000000
1330047439,5.020150000000,0.564700000000
1330047443,5.020150000000,1.301000000000
1330047447,5.020130000000,1.000000000000
1330047447,5.020150000000,0.434453040000
1330047459,5.020150000000,0.737546960000
1330047468,5.020150000000,0.262453040000
1330047486,5.020150000000,0.176346960000
1330047486,5.020130000000,13.410260980000
1330047487,5.020000000000,86.589739020000
1330047495,5.020130000000,0.420800000000
1330047513,5.020130000000,0.972400000000
1330047519,5.020130000000,0.875200000000
1330047522,5.020130000000,0.787800000000
1330047526,5.020050000000,0.709200000000
1330047534,5.020050000000,0.290800000000
1330047534,5.020130000000,0.347800000000
1330047547,5.020130000000,0.574800000000
1330047555,5.020130000000,0.517600000000
1330047558,5.020130000000,137.463600000000
1330047567,5.020130000000,1.000000000000
1330047567,5.020130000000,17.874400000000
1330047576,5.020140000000,0.464600000000
1330047583,5.020140000000,0.418400000000
1330047586,5.020140000000,0.418400000000
1330047590,5.020140000000,0.335200000000
1330047594,5.020140000000,0.301800000000
1330047598,5.020140000000,0.272000000000
1330047610,5.020140000000,0.244800000000
1330047613,5.020140000000,0.091670000000
1330047617,5.020140000000,0.087930000000
1330047624,5.020140000000,0.084270000000
1330047625,5.020140000000,0.280930000000
1330047635,5.020200000000,3.805070000000
1330047635,5.020150000000,0.080790000000
1330047635,5.020130000000,0.114140000000
1330047684,5.020150000000,0.077120000000
1330047690,5.020150000000,0.073950000000
1330047700,5.020150000000,0.070900000000
1330047711,5.020150000000,0.067970000000
1330047736,5.020130000000,0.113713040000
1330047767,5.025150000000,0.040000000000
1330047772,5.026120000000,0.010000000000
1330047772,5.026120000000,0.010000000000
1330047772,5.026120000000,0.010000000000
1330047772,5.026120000000,0.010000000000
1330047776,5.026120000000,0.009485150000
1330047776,5.026120000000,0.010000000000
1330047776,5.026120000000,0.010000000000
1330047777,5.026120000000,0.010000000000
1330047777,5.026120000000,0.000514850000
1330047777,5.026120000000,0.009485150000
1330047777,5.026120000000,0.010000000000
1330047777,5.026120000000,0.010000000000
1330047777,5.026120000000,0.010000000000
1330047777,5.026120000000,0.000514850000
1330047777,5.026120000000,0.009485150000
1330047777,5.026120000000,0.010000000000
1330047777,5.026120000000,0.010000000000
1330047778,5.026120000000,0.010000000000
1330047778,5.026120000000,0.000514850000
1330047778,5.026120000000,0.009485150000
1330047778,5.026120000000,0.010000000000
1330047778,5.026120000000,0.010000000000
1330047778,5.026120000000,0.010000000000
1330047778,5.026120000000,0.000514850000
1330047778,5.030150000000,0.009485150000
1330047778,5.030150000000,0.010000000000
1330047778,5.030150000000,0.010000000000
1330047778,5.030150000000,0.010000000000
1330047778,5.030150000000,0.000514850000
1330047778,5.030150000000,0.009485150000
1330047778,5.030150000000,0.010000000000
1330047779,5.030150000000,0.010000000000
1330047779,5.030150000000,0.010000000000
1330047779,5.030150000000,0.000514850000
1330047779,5.030150000000,0.009485150000
1330047779,5.030150000000,0.010000000000
1330047779,5.030150000000,0.010000000000
1330047779,5.030150000000,0.010000000000
1330047779,5.030150000000,0.000514850000
1330047779,5.030150000000,0.009485150000
1330047779,5.030150000000,0.010000000000
1330047779,5.030150000000,0.010000000000
1330047779,5.030150000000,0.010000000000
1330047779,5.030150000000,0.000514850000
1330047780,5.030150000000,0.009485150000
1330047794,5.030150000000,0.010000000000
1330047794,5.030150000000,0.010000000000
1330047794,5.030150000000,0.010000000000
1330047795,5.030150000000,0.000514850000
1330047795,5.031120000000,0.009485150000
1330047795,5.031120000000,0.010000000000
1330047795,5.031120000000,0.010000000000
1330047795,5.031120000000,0.010000000000
1330047795,5.031120000000,0.000514850000
1330047795,5.031120000000,0.009485150000
1330047795,5.031120000000,0.010000000000
1330047795,5.031120000000,0.010000000000
1330047795,5.031120000000,0.010000000000
1330047866,5.026120000000,0.010000000000
1330047866,5.026120000000,0.010000000000
1330047867,5.026120000000,146.980000000000
1330047867,5.031120000000,0.000514850000
1330047867,5.046200000000,0.512943130000
1330047867,5.049980000000,27.900000000000
1330047867,5.050000000000,200.340166330000
1330047900,5.030020000000,0.042000000000
1330047902,5.030020000000,0.031100000000
1330047907,5.050000000000,0.010000000000
1330048085,5.049990000000,0.010000000000
1330048085,5.049980000000,0.000411880000
1330048142,5.030000000000,9.190000000000
1330048212,5.030000000000,40.810000000000
1330048212,5.020130000000,43.434146960000
1330048212,5.020000000000,64.749700000000
1330048212,5.013190000000,0.000015950000
1330048212,5.012440000000,26.447947910000
1330048212,5.012100000000,1.004300000000
1330048212,5.011000000000,1.000000000000
1330048213,5.010030000000,2.452160960000
1330048213,5.010020000000,4.000000000000
1330048213,5.010010000000,406.184115400000
1330048218,5.010000000000,1.004300000000
1330048228,5.010000000000,2.952000000000
1330048235,5.010000000000,2.952000000000
1330048235,5.009300000000,1.004300000000
1330048235,5.005700000000,1.004300000000
1330048235,5.005000000000,100.000000000000
1330048235,5.004020000000,27.231270050000
1330048235,5.001000000000,93.230129950000
1330048240,5.010000000000,2.658000000000
1330048244,5.010000000000,2.362000000000
1330048248,5.010000000000,0.008312820000
1330048341,5.015000000000,0.040000000000
1330048345,5.020000000000,0.010000000000
1330048345,5.020000000000,0.010000000000
1330048345,5.020000000000,0.010000000000
1330048345,5.020000000000,0.010000000000
1330048345,5.020000000000,0.010000000000
1330048349,5.020000000000,0.010000000000
1330048349,5.020000000000,0.010000000000
1330048349,5.020000000000,0.010000000000
1330048353,5.025000000000,0.010000000000
1330048353,5.025000000000,0.010000000000
1330048353,5.025000000000,0.010000000000
1330048353,5.025000000000,0.010000000000
1330048361,5.039990000000,0.010000000000
1330048361,5.039990000000,0.010000000000
1330048361,5.039990000000,0.010000000000
1330048361,5.039980000000,0.010000000000
1330048362,5.040000000000,6.188493840000
1330048376,5.039980000000,0.010000000000
1330048376,5.039980000000,0.010000000000
1330048376,5.039970000000,0.010000000000
1330048376,5.039970000000,0.010000000000
1330048376,5.040000000000,30.357512290000
1330048377,5.040000000000,14.559000000000
1330048377,5.040000000000,5.083487710000
1330048403,5.045000000000,0.010000000000
1330048406,5.044990000000,0.010000000000
1330048406,5.044980000000,0.010000000000
1330048406,5.044970000000,0.010000000000
1330048406,5.040000000000,0.009771820000
1330048406,5.015020000000,0.619500000000
1330048406,5.015000000000,3.960000000000
1330048406,5.010000000000,35.512728180000
1330048557,5.045000000000,0.030000000000
1330048557,5.045000000000,0.040000000000
1330048557,5.045000000000,0.040000000000
1330048557,5.045000000000,0.040000000000
1330048604,5.049900000000,0.010000000000
1330048604,5.049900000000,0.010000000000
1330048604,5.049900000000,0.010000000000
1330048604,5.049900000000,0.010000000000
1330048608,5.045000000000,0.010000000000
1330048608,5.045000000000,0.010000000000
1330048608,5.045000000000,0.010000000000
1330048608,5.045000000000,0.010000000000
1330048608,5.045000000000,0.010000000000
1330048608,5.045000000000,69.950000000000
1330048615,5.049900000000,0.010000000000
1330048621,5.049890000000,0.010000000000
1330048621,5.049880000000,0.010000000000
1330048628,5.049870000000,0.010000000000
1330048628,5.045000000000,49.990000000000
1330048628,5.045000000000,31.362900000000
1330048628,5.045000000000,0.010000000000
1330048628,5.044990000000,0.009920730000
1330048635,5.030020000000,81.612256160000
1330048981,5.030000000000,14.559000000000
1330048981,5.030000000000,5.220999990000
1330048981,5.030020000000,39.861900010000
1330049095,5.011160000000,0.300000000000
1330049095,5.010120000000,8.926000000000
1330049095,5.010100000000,5.296626740000
1330049395,5.030000000000,5.220999990000
1330049395,5.030020000000,7.143023100000
1330049395,5.035000000000,0.040000000000
1330049395,5.035000000000,0.040000000000
1330049395,5.035000000000,0.040000000000
1330049395,5.035000000000,0.040000000000
1330049395,5.035000000000,0.040000000000
1330049395,5.035000000000,0.040000000000
1330049395,5.035000000000,0.040000000000
1330049396,5.035000000000,22.355976910000
1330049410,5.035000000000,0.010000000000
1330049414,5.035000000000,0.010000000000
1330049414,5.035000000000,0.010000000000
1330049414,5.035000000000,0.010000000000
1330049414,5.035000000000,0.010000000000
1330049414,5.035000000000,0.010000000000
1330049414,5.035000000000,0.010000000000
1330049415,5.035000000000,0.010000000000
1330049415,5.035000000000,0.010000000000
1330049415,5.035000000000,0.010000000000
1330049415,5.035000000000,0.010000000000
1330049415,5.035000000000,0.010000000000
1330049415,5.035000000000,0.010000000000
1330049415,5.035000000000,0.010000000000
1330049415,5.035000000000,0.010000000000
1330049415,5.035000000000,0.010000000000
1330049416,5.035000000000,0.010000000000
1330049416,5.035000000000,0.010000000000
1330049416,5.035000000000,0.010000000000
1330049416,5.035000000000,0.010000000000
1330049416,5.035000000000,0.010000000000
1330049436,5.030020000000,0.010000000000
1330049436,5.030010000000,0.010000000000
1330049436,5.030000000000,0.010000000000
1330049436,5.030000000000,0.010000000000
1330049436,5.030000000000,0.010000000000
1330049436,5.030000000000,0.010000000000
1330049436,5.030000000000,0.010000000000
1330049436,5.030000000000,0.000069580000
1330049436,5.022000000000,0.060406650000
1330049436,5.014000000000,1.004300000000
1330049542,5.014000000000,1.895223770000
1330049567,5.035000000000,77.434023090000
1330049569,5.035000000000,14.559000000000
1330049569,5.035000000000,49.059000000000
1330049569,5.035000000000,5.220999990000
1330049569,5.039900000000,13.381418810000
1330049569,5.055200000000,0.512964810000
1330049569,5.056000000000,1.000000000000
1330049569,5.056560000000,0.478624770000
1330049569,5.056560000000,0.478624770000
1330049569,5.060600000000,1.000000000000
1330049569,5.062000000000,1.000000000000
1330049569,5.062160000000,0.300000000000
1330049569,5.062500000000,1.000000000000
1330049569,5.062600000000,1.000000000000
1330049569,5.063000000000,1.000000000000
1330049569,5.063900000000,1.000000000000
1330049569,5.064900000000,1.000000000000
1330049569,5.068000000000,29.650000000000
1330049569,5.070000000000,13.923620960000
1330049569,5.070770000000,0.030370000000
1330049569,5.072490000000,0.691340000000
1330049569,5.073000000000,100.000000000000
1330049569,5.073000000000,73.484999990000
1330049569,5.073010000000,11.000000000000
1330049570,5.073300000000,10.000000000000
1330049570,5.073330000000,91.795012810000
1330049697,5.023330000000,1.000000000000
1330049703,5.023330000000,1.000000000000
1330049718,5.023330000000,4.465700000000
1330049744,5.064880000000,4.855890000000
1330049807,5.023330000000,1.000000000000
1330049812,5.064880000000,0.010000000000
1330049836,5.064880000000,0.010000000000
1330049840,5.064880000000,0.010000000000
1330049840,5.064880000000,0.010000000000
1330049895,5.064960000000,0.010000000000
1330049900,5.064950000000,0.010000000000
1330049900,5.064940000000,0.010000000000
1330049900,5.064930000000,0.010000000000
1330049900,5.064870000000,0.010000000000
1330049900,5.064870000000,0.010000000000
1330049900,5.064860000000,0.003730140000
1330049906,5.064900000000,0.010000000000
1330049906,5.064900000000,0.010000000000
1330049906,5.064900000000,0.010000000000
1330049906,5.064900000000,0.010000000000
1330049915,5.064960000000,0.010000000000
1330050061,5.064950000000,0.010000000000
1330050061,5.064940000000,0.010000000000
1330050061,5.064930000000,0.010000000000
1330050061,5.064900000000,2.204504680000
1330050061,5.064860000000,0.006269860000
1330050061,5.064850000000,0.010000000000
1330050061,5.015000000000,50.000000000000
1330050062,5.015000000000,47.749225460000
1330050063,5.065000000000,0.010000000000
1330050064,5.065000000000,5.952380950000
1330050065,5.064990000000,0.010000000000
1330050065,5.064980000000,0.010000000000
1330050125,5.064970000000,0.010000000000
1330050125,5.014880000000,1.000000000000
1330050125,5.014880000000,1.000000000000
1330050125,5.014020000000,8.451000000000
1330050125,5.014000000000,1.004300000000
1330050125,5.013700000000,1.004300000000
1330050125,5.013200000000,1.004300000000
1330050125,5.013000000000,1.004300000000
1330050125,5.012100000000,1.004300000000
1330050125,5.010000000000,6.217500000000
1330050132,5.060600000000,0.010000000000
1330050159,5.060600000000,0.990000000000
1330050162,5.061700000000,0.010000000000
1330050178,5.061690000000,0.010000000000
1330050178,5.061680000000,0.010000000000
1330050178,5.061670000000,0.010000000000
1330050188,5.060600000000,1.093000000000
1330050188,5.060600000000,0.230933090000
1330050188,5.060590000000,0.010000000000
1330050188,5.060580000000,0.010000000000
1330050188,5.060570000000,0.010000000000
1330050188,5.015000000000,1.000000000000
1330050188,5.012120000000,7.423000000000
1330050188,5.012100000000,1.004300000000
1330050188,5.011160000000,0.300000000000
1330050188,5.010000000000,8.749039920000
1330050188,5.010000000000,30.000000000000
1330050188,5.009300000000,1.004300000000
1330050188,5.005700000000,1.004300000000
1330050188,5.004300000000,1.004300000000
1330050188,5.003260000000,0.021445720000
1330050191,5.061160000000,0.010000000000
1330050197,5.061150000000,0.010000000000
1330050197,5.061140000000,0.010000000000
1330050197,5.061130000000,0.010000000000
1330050255,5.010600000000,1.000000000000
1330050255,5.003260000000,0.168416950000
1330050255,5.003260000000,0.189862670000
1330050255,5.002470000000,0.189862670000
1330050255,5.002100000000,1.004300000000
1330050255,5.001120000000,7.800000000000
1330050255,5.001100000000,5.000000000000
1330050256,5.001100000000,4.313000000000
1330050256,5.001000000000,11.327833140000
1330050258,5.056000000000,0.010000000000
1330050264,5.055990000000,0.010000000000
1330050264,5.055980000000,0.010000000000
1330050264,5.055970000000,0.010000000000
1330050269,5.010600000000,1.000000000000
1330050274,5.010600000000,0.010000000000
1330050274,5.010600000000,0.010000000000
1330050274,5.010600000000,0.010000000000
1330050274,5.010600000000,0.010000000000
1330050285,5.010600000000,3.930000000000
1330050288,5.056000000000,0.010000000000
1330050302,5.055990000000,0.010000000000
1330050314,5.055980000000,0.010000000000
1330050314,5.055970000000,0.010000000000
1330050314,5.001000000000,1.141207680000
1330050314,5.010620000000,4.504000000000
1330050314,5.001000000000,93.496000000000
1330050316,5.055990000000,0.010000000000
1330050319,5.055980000000,0.010000000000
1330050319,5.055970000000,0.010000000000
1330050319,5.055960000000,0.010000000000
1330050319,5.001000000000,0.804829230000
1330050320,5.001000000000,49.165170770000
1330050323,5.055990000000,0.010000000000
1330050346,5.055980000000,0.010000000000
1330050346,5.055970000000,0.010000000000
1330050346,5.055960000000,0.010000000000
1330050346,5.011130000000,1.000000000000
1330050346,5.000200000000,1.004300000000
1330050346,5.000050000000,7.130000000000
1330050346,5.000030000000,40.835700000000
1330050350,5.055990000000,0.010000000000
1330050378,5.055980000000,0.010000000000
1330050379,5.055970000000,0.010000000000
1330050379,5.055960000000,0.010000000000
1330050379,5.000050000000,6.835000000000
1330050379,5.000050000000,0.077790500000
1330050379,5.000030000000,43.067209500000
1330050382,5.055980000000,0.010000000000
1330050388,5.055970000000,0.010000000000
1330050388,5.055960000000,0.010000000000
1330050388,5.055950000000,0.010000000000
1330050394,5.055960000000,0.010000000000
1330050394,5.055960000000,0.010000000000
1330050394,5.055960000000,0.010000000000
1330050397,5.055950000000,0.010000000000
1330050397,5.000050000000,0.077790500000
1330050397,5.000050000000,0.077790500000
1330050397,5.000050000000,0.077790500000
1330050397,5.000050000000,6.553000000000
1330050397,5.000030000000,17.262248420000
1330050397,5.000000000000,25.941380080000
1330050402,5.055960000000,0.010000000000
1330050421,5.055950000000,0.010000000000
1330050422,5.055940000000,0.010000000000
1330050422,5.055930000000,0.010000000000
1330050422,5.000020000000,6.284000000000
1330050422,5.000000000000,93.686000000000
1330050424,5.055960000000,0.010000000000
1330050428,5.055950000000,0.010000000000
1330050428,5.055940000000,0.010000000000
1330050428,5.055930000000,0.010000000000
1330050428,5.000000000000,99.970000000000
1330050430,5.055960000000,0.010000000000
1330050447,5.055950000000,0.010000000000
1330050447,5.055940000000,0.010000000000
1330050447,5.055930000000,0.010000000000
1330050447,5.000020000000,6.024000000000
1330050447,5.000020000000,0.010000000000
1330050447,5.000000000000,43.936000000000
1330050460,5.055960000000,0.010000000000
1330050461,5.055950000000,0.010000000000
1330050461,5.055940000000,0.010000000000
1330050461,5.055930000000,0.010000000000
1330050467,5.055950000000,0.010000000000
1330050467,5.055920000000,0.010000000000
1330050467,5.055000000000,0.010000000000
1330050468,5.055000000000,0.010000000000
1330050468,5.001020000000,5.000000000000
1330050479,5.055930000000,0.010000000000
1330050484,5.055920000000,0.010000000000
1330050484,5.055910000000,0.010000000000
1330050484,5.055900000000,0.010000000000
1330050484,5.055000000000,0.010000000000
1330050498,5.054990000000,0.010000000000
1330050498,5.054980000000,0.010000000000
1330050526,5.054970000000,0.010000000000
1330050581,5.001020000000,0.776000000000
1330050581,5.001000000000,88.027000000000
1330050581,5.001000000000,87.419000000000
1330050581,5.001000000000,7.714000000000
1330050581,5.000000000000,216.064000000000
1330050595,5.054980000000,0.010000000000
1330050618,5.054970000000,0.010000000000
1330050618,5.054960000000,0.010000000000
1330050618,5.054950000000,0.003359080000
1330050618,5.000020000000,0.010000000000
1330050618,5.000020000000,0.046640920000
1330050620,5.000020000000,5.493359080000
1330050620,5.000000000000,359.978549780000
1330050637,5.000020000000,0.034175640000
1330050669,5.000050000000,0.016249320000
1330050669,5.000050000000,0.016249320000
1330050669,5.000050000000,0.016249320000
1330050669,5.000020000000,5.276824360000
1330050669,5.000020000000,0.010000000000
1330050669,5.000000000000,44.664427680000
1330050705,5.000020000000,5.092000000000
1330050705,5.000020000000,0.010000000000
1330050705,5.000000000000,44.898000000000
1330050715,5.000020000000,4.883000000000
1330050715,5.000000000000,45.117000000000
1330050723,5.000020000000,4.681000000000
1330050723,5.000000000000,45.319000000000
1330050727,5.000020000000,0.010000000000
1330050727,5.000000000000,49.990000000000
1330050737,5.000020000000,4.487000000000
1330050737,5.000000000000,105.513000000000
1330050742,5.000000000000,517.984603020000
1330050742,5.000000000000,50.000000000000
1330050754,5.000020000000,4.302000000000
1330050754,5.000000000000,45.698000000000
1330050762,5.000020000000,4.124000000000
1330050762,5.000000000000,45.876000000000
1330050772,5.000020000000,3.954000000000
1330050772,5.000000000000,46.046000000000
1330050780,5.006370000000,0.250000000000
1330050780,5.011370000000,0.040000000000
1330050780,5.011370000000,0.040000000000
1330050780,5.011370000000,0.040000000000
1330050780,5.016370000000,0.040000000000
1330050780,5.053900000000,0.472144960000
1330050780,5.053980000000,15.346368600000
1330050784,5.053980000000,0.010000000000
1330050784,5.053980000000,0.010000000000
1330050784,5.053980000000,0.010000000000
1330050784,5.053980000000,0.010000000000
1330050788,5.011370000000,0.010000000000
1330050788,5.011360000000,0.010000000000
1330050788,5.011350000000,0.010000000000
1330050788,5.011340000000,0.010000000000
1330050788,5.006370000000,0.010000000000
1330050788,5.006370000000,0.010000000000
1330050788,5.006370000000,0.010000000000
1330050788,5.006360000000,0.010000000000
1330050788,5.006360000000,0.010000000000
1330050788,5.006360000000,0.010000000000
1330050788,5.006350000000,0.010000000000
1330050788,5.006350000000,0.009783570000
1330050788,5.000020000000,3.790000000000
1330050789,5.000000000000,96.090216430000
1330050791,5.053980000000,0.250000000000
1330050793,5.000000000000,5.000000000000
1330050809,5.000150000000,1.082000000000
1330050809,5.000020000000,4.289000000000
1330050809,5.000000000000,18.227823010000
1330050809,5.000000000000,2.000000000000
1330050809,5.000000000000,10.000000000000
1330050809,5.000000000000,16.895339370000
1330050848,5.000000000000,3.104660630000
1330050848,5.000000000000,8.000000000000
1330050848,5.000000000000,1.156000000000
1330050848,5.000000000000,37.739339370000
1330050869,5.000020000000,4.113000000000
1330050869,5.000000000000,44.887000000000
1330050931,5.000050000000,0.101647600000
1330050931,5.000020000000,2.814352400000
1330050940,5.000020000000,1.130647600000
1330050940,5.000000000000,43.869352400000
1330050989,5.000020000000,7.391000000000
1330050989,5.000000000000,42.099000000000
1330051008,5.000020000000,2.000000000000
1330051050,5.029310000000,0.010000000000
1330051200,5.029300000000,0.020000000000
1330051208,5.003400000000,1.004300000000
1330051208,5.000020000000,4.759000000000
1330051208,5.000000000000,31.405308230000
1330051208,5.000000000000,4.086000000000
1330051208,5.000000000000,7.745391770000
1330051213,5.029300000000,0.010000000000
1330051233,5.029290000000,0.020000000000
1330051233,4.999030000000,4.803000000000
1330051233,4.999010000000,19.578134090000
1330051233,4.997940000000,1.000000000000
1330051233,4.996600000000,0.407160000000
1330051233,4.995050000000,13.578867120000
1330051233,4.992090000000,5.788707730000
1330051233,4.992090000000,4.824131060000
1330051236,5.029300000000,0.070000000000
1330051241,5.029310000000,0.058420000000
1330051241,5.034300000000,0.030000000000
1330051241,5.034300000000,0.030000000000
1330051241,5.034310000000,0.030000000000
1330051241,5.049980000000,47.770000000000
1330051241,5.050000000000,2.081580000000
1330051263,5.029300000000,49.780000000000
1330051267,5.049980000000,0.010000000000
1330051278,5.049970000000,0.020000000000
1330051278,5.029300000000,0.150000000000
1330051278,5.029300000000,0.010000000000
1330051278,5.029290000000,0.020000000000
1330051323,5.002380000000,5.500000000000
1330051336,5.002300000000,4.997701050000
1330051350,5.002400000000,0.010000000000
1330051368,5.002390000000,0.020000000000
1330051397,5.006370000000,0.010000000000
1330051403,5.007400000000,0.010000000000
1330051422,5.007390000000,0.020000000000
1330051422,5.006370000000,0.010000000000
1330051467,5.006370000000,0.180427830000
1330051470,5.007400000000,0.010000000000
1330051496,5.007400000000,0.010000000000
1330051498,5.009200000000,0.010000000000
1330051509,5.009340000000,0.010000000000
1330051541,5.009330000000,0.020000000000
1330051541,5.009190000000,0.020000000000
1330051541,5.007390000000,0.020000000000
1330051541,5.006360000000,0.020000000000
1330051541,5.006360000000,0.020000000000
1330051541,5.002300000000,16.992180000000
1330051542,4.999980000000,1.000000000000
1330051542,4.991160000000,0.300000000000
1330051542,4.990000000000,0.607820000000
1330051549,5.009340000000,0.010000000000
1330051555,5.009340000000,5.232499990000
1330051558,5.011370000000,0.010000000000
1330051567,5.011360000000,0.020000000000
1330051567,5.009400000000,34.502235790000
1330051567,5.009330000000,0.020000000000
1330051567,4.992090000000,6.473685120000
1330051567,4.990000000000,1.392180000000
1330051567,4.989530000000,0.010210000000
1330051567,4.988700000000,0.150000000000
1330051567,4.986990000000,0.101647600000
1330051567,4.985500000000,0.516314120000
1330051567,4.982280000000,1.000000000000
1330051567,4.980390000000,0.048263540000
1330051568,4.980390000000,0.022133750000
1330051568,4.980000000000,0.038794530000
1330051568,4.980000000000,0.200000000000
1330051568,4.976870000000,0.601180000000
1330051568,4.975960000000,0.415890000000
1330051568,4.975690000000,0.513842510000
1330051568,4.974700000000,1.000000000000
1330051568,4.971240000000,0.707130000000
1330051568,4.971240000000,0.013900000000
1330051568,4.971170000000,0.538780000000
1330051568,4.971170000000,0.020300000000
1330051568,4.970590000000,0.048258430000
1330051568,4.970590000000,0.023645490000
1330051569,4.970100000000,1.621609120000
1330051577,5.011370000000,0.010000000000
1330051578,5.011360000000,0.020000000000
1330051589,5.009340000000,0.010000000000
1330051589,5.009340000000,0.020000000000
1330051592,4.970100000000,19.288074670000
1330051602,5.009340000000,0.010000000000
1330051602,5.009330000000,0.020000000000
1330051602,4.970130000000,0.727383680000
1330051602,4.970120000000,13.400000000000
1330051602,4.970010000000,10.842616320000
1330051617,4.980000000000,0.010000000000
1330051629,4.980000000000,28.977569700000
1330051651,4.980000000000,0.864000000000
1330051667,4.980000000000,15.788436620000
1330051669,4.985000000000,0.010000000000
1330051707,4.984990000000,0.020000000000
1330051707,4.980020000000,7.723000000000
1330051707,4.980000000000,4.211563380000
1330051707,4.979990000000,0.020000000000
1330051708,4.970100000000,29.475000000000
1330051708,4.970100000000,8.550436620000
1330051711,4.985000000000,0.010000000000
1330051724,4.985000000000,0.010000000000
1330051724,4.990000000000,0.030000000000
1330051725,4.990000000000,0.030000000000
1330051725,5.009300000000,6.302000000000
1330051725,5.011370000000,0.010000000000
1330051725,5.011370000000,0.030000000000
1330051729,5.012400000000,0.010000000000
1330051730,5.012390000000,0.020000000000
1330051730,5.011370000000,6.556000000000
1330051732,5.011370000000,32.460000000000
1330051735,5.011370000000,0.475000000000
1330051737,5.012400000000,0.010000000000
1330051738,5.012390000000,0.020000000000
1330051761,5.012400000000,0.010000000000
1330051761,5.012400000000,0.030000000000
1330051761,5.014200000000,0.030000000000
1330051761,5.014340000000,0.030000000000
1330051761,5.014340000000,0.030000000000
1330051761,5.014340000000,0.030000000000
1330051761,5.016370000000,0.030000000000
1330051761,5.016370000000,0.030000000000
1330051761,5.016370000000,0.030000000000
1330051761,5.017400000000,0.030000000000
1330051761,5.017400000000,0.030000000000
1330051761,5.031860000000,0.554000000000
1330051765,5.011360000000,1.174000000000
1330051772,4.984990000000,0.020000000000
1330051777,4.984990000000,4.980000000000
1330051785,5.009860000000,0.010000000000
1330051786,5.009850000000,0.020000000000
1330051786,5.009800000000,0.010000000000
1330051792,5.009860000000,0.010000000000
1330051796,5.009850000000,0.020000000000
1330051799,5.009790000000,0.020000000000
1330051802,4.971160000000,0.300000000000
1330051802,4.970100000000,0.061286350000
1330051802,4.970030000000,6.837113650000
1330051813,5.002410000000,0.010000000000
1330051813,5.002400000000,0.020000000000
1330051826,5.007410000000,0.010000000000
1330051831,5.007410000000,0.020000000000
1330051831,5.009320000000,22.611023100000
1330051842,5.009840000000,3.000000000000
1330051843,5.009340000000,0.010000000000
1330051843,5.009330000000,0.020000000000
1330051843,5.007400000000,0.020000000000
1330051914,4.970030000000,10.740000000000
1330051914,4.970010000000,44.260000000000
1330051916,4.999980000000,0.010000000000
1330051925,4.999970000000,0.020000000000
1330051929,5.004980000000,0.010000000000
1330051985,5.004970000000,0.020000000000
1330051995,5.004970000000,0.055100000000
1330051995,5.004980000000,0.020000000000
1330051996,5.009600000000,21.300000000000
1330051996,5.009600000000,6.576000000000
1330051996,5.009800000000,6.576000000000
1330051996,5.009980000000,0.030000000000
1330051996,5.011300000000,62.244000000000
1330051996,5.011300000000,3.198900000000
1330052018,5.011340000000,0.010000000000
1330052040,5.011330000000,0.020000000000
1330052040,4.996800000000,1.004300000000
1330052118,5.011340000000,0.010000000000
1330052123,5.011330000000,0.020000000000
1330052228,4.970160000000,0.816000000000
1330052228,4.970120000000,3.895600000000
1330052231,5.011280000000,0.010000000000
1330052313,5.011270000000,0.020000000000
1330052359,5.009680000000,0.016663730000
1330052399,4.990000000000,36.447000000000
1330052402,4.990000000000,4.396563750000
1330052415,5.009160000000,0.010000000000