1309108565,17.51001000,2.00000000
1309109641,17.51001000,2.00000000
1309110181,17.51001000,1.00000000
1309110484,15.00000000,5.06992973
1309110781,16.50000000,5.00000000
1309110960,16.50000000,45.00000000
1309110966,17.00000000,5.00000000
1309111323,15.10000000,2.00000000
1309111324,15.10000000,2.84000000
1309111325,15.10000000,2.96000000
1309111327,15.10000000,1.00000000
1309111328,15.10000000,3.07000000
1309111330,15.10000000,2.00000000
1309112950,15.00000000,0.10900000
1309113840,16.00000000,5.00000000
1309113961,15.10000000,10.00000000
1309114140,15.00000000,1.00000000
1309114141,15.00000000,7.14107027
1309114141,15.00000000,5.00000000
1309114142,15.00000000,0.20892973
1309114142,15.00001000,0.10000000
1309114143,15.00001000,0.10000000
1309114143,15.00000000,0.30000000
1309115882,15.00001000,1.98800000
1309115882,15.00001000,2.01200000
1309115883,15.00001000,2.00000000
1309115883,15.00001000,39.98800000
1309115887,15.00001000,1.00000000
1309115887,15.00001000,59.01200000
1309115887,15.00001000,3.99000000
1309115887,15.00001000,2.00000000
1309115887,15.00001000,2.00000000
1309115887,15.00001000,1.00000000
1309115887,15.00000000,0.49107027
1309115888,15.00000000,1.60000000
1309115888,15.00000000,91.60492973
1309115889,15.50000000,10.00000000
1309115889,16.00000000,3.00000000
1309115889,16.00000000,25.00000000
1309115889,16.49999000,1.70000000
1309115889,16.49999000,1.00000000
1309115889,16.49999000,3.00000000
1309115890,16.49999000,3.00000000
1309115890,16.49999000,20.00000000
1309115890,16.49999000,2.00000000
1309115890,16.49999000,4.00000000
1309115890,16.49999000,49.04528730
1309115893,15.00001000,6.37300000
1309115895,15.05000000,3.00000000
1309115895,15.05000000,10.00000000
1309115896,15.05000000,6.00000000
1309115896,15.02001000,3.00000000
1309115896,15.02001000,0.50000000
1309115896,15.02001000,3.00000000
1309115896,15.02001000,2.00000000
1309115896,15.00001000,9.83300000
1309115896,15.00001000,0.50000000
1309115897,15.02001000,0.10000000
1309115898,15.02001000,4.90000000
1309115898,15.02001000,0.10000000
1309115898,15.02001000,2.00000000
1309115898,15.00001000,3.29400000
1309115898,15.00001000,2.00000000
1309115898,15.00001000,0.50000000
1309115898,15.00001000,0.10000000
1309115898,15.00000000,8.39507027
1309115898,15.00000000,5.00000000
1309115898,15.00000000,0.47492973
1309115899,15.10000000,1.00000000
1309115900,15.40000000,1.00000000
1309115900,15.50000000,1.00000000
1309115901,16.04530000,2.00000000
1309115902,16.04530000,0.56000000
1309115904,16.04530000,0.40000000
1309115904,15.63390000,3.07000000
1309115904,15.50000000,0.16200000
1309115905,15.50000000,1.83800000
1309115905,15.22240000,3.20000000
1309115905,15.10100000,2.00000000
1309115905,15.02001000,1.96200000
1309115905,15.02001000,1.00000000
1309115905,16.00000000,1.00000000
1309115905,16.00000000,16.00000000
1309115905,15.02001000,0.03800000
1309115905,15.02001000,4.00000000
1309115905,15.02001000,3.79000000
1309115905,15.02001000,26.17200000
1309115906,15.02001000,3.00000000
1309115906,16.45000000,0.00036595
1309115906,15.02001000,1.00000000
1309115906,15.02001000,20.00000000
1309115906,16.45000000,7.99963405
1309115906,16.49999000,5.95471270
1309115906,16.49999000,3.04565325
1309115906,15.10000000,0.59000000
1309115906,15.02001000,0.41000000
1309115907,15.02001000,6.00000000
1309115909,15.02001000,0.85600000
1309115909,15.02001000,10.00000000
1309115909,15.02001000,8.57000000
1309115909,15.02001000,23.99200000
1309115909,15.02001000,1.00000000
1309115909,15.02001000,10.00000000
1309115909,15.02001000,0.15000000
1309115909,15.02001000,2.00000000
1309115909,15.02001000,2.00000000
1309115909,15.02001000,1.25000000
1309115909,15.02000000,23.00000000
1309115909,15.01000000,0.80000000
1309115909,15.00000000,1.52507027
1309115909,15.00000000,1.00000000
1309115909,15.00000000,5.00000000
1309115909,15.00000000,0.20000000
1309115910,15.01999000,0.00967643
1309115910,15.01999000,0.99032357
1309115910,15.10000000,3.00967643
1309115910,15.00000000,3.00000000
1309115910,15.00000000,0.00226800
1309115910,15.00000000,1.00000000
1309115911,15.00000000,0.00006666
1309115911,15.00000000,4.00000000
1309115911,15.00000000,14.74000000
1309115912,15.00000000,4.39670394
1309115912,15.00000000,10.00000000
1309115912,15.00000000,9.85128497
1309115912,15.00000000,1.00000000
1309115912,15.01999000,39.14871503
1309115913,15.01999000,12.00000000
1309115913,15.01999000,0.10000000
1309115913,15.00000000,1.00000000
1309115913,15.01999000,0.00006724
1309115913,15.01999000,0.00019973
1309115914,15.01999000,5.00000000
1309115914,15.00000000,2.00000000
1309115914,15.00000000,7.50000000
1309115914,15.01999000,1.00000000
1309115914,15.00000000,2.50000000
1309115914,14.99000000,0.10000000
1309115914,14.95152000,3.00000000
1309115914,14.90000000,0.00061476
1309115914,14.90000000,4.39938524
1309115914,15.01999000,0.10000000
1309115915,15.01999000,12.33356347
1309115915,15.01999000,5.00000000
1309115915,15.01999000,2.31745453
1309115915,15.01999000,0.68254547
1309115915,15.01999000,0.31745453
1309115915,15.01999000,2.68254547
1309115916,15.01999000,3.31745453
1309115916,15.01999000,1.68254547
1309115916,14.90000000,2.60061476
1309115916,14.89000000,0.66238524
1309115916,14.89000000,15.00000000
1309115916,15.01999000,0.50000000
1309115916,15.01999000,1.00000000
1309115916,15.01999000,6.81745453
1309115916,15.19900000,4.18254547
1309115917,15.19900000,1.91745453
1309115917,15.50000000,3.08254547
1309115918,15.20000000,6.00000000
1309115918,15.01000000,0.50000000
1309115918,15.01000000,5.00000000
1309115919,15.00000000,1.00000000
1309115919,15.00000000,9.00000000
1309115919,14.89000000,3.50000000
1309115919,14.99999000,1.00000000
1309115920,14.89000000,12.29656278
1309115920,14.99999000,0.20000000
1309115920,14.89000000,0.10800000
1309115920,14.99999000,5.00000000
1309115920,14.89000000,9.00000000
1309115920,14.89000000,1.98700000
1309115921,14.99999000,14.80000000
1309115921,14.99999000,0.10000000
1309115921,14.99999000,5.00000000
1309115921,15.00000000,2.00000000
1309115922,15.00000000,1.00000000
1309115922,15.00000000,1.00000000
1309115922,15.00000000,2.34400000
1309115923,15.00000000,20.00000000
1309115923,15.02000000,20.00000000
1309115923,15.02000000,10.00000000
1309115923,15.00000000,18.95500000
1309115923,15.00000000,1.00000000
1309115923,15.00000000,70.04500000
1309115924,15.00000000,0.45000000
1309115924,15.00000000,1.00000000
1309115924,15.10000000,1.00000000
1309115924,15.00000000,4.72000000
1309115924,15.00000000,7.00000000
1309115925,15.00000000,20.00000000
1309115925,15.10000000,1.00000000
1309115925,15.10000000,0.05172185
1309115926,15.10000000,0.10000000
1309115926,15.10000000,8.20000000
1309115926,15.00000000,1.00000000
1309115927,15.10000000,89.64827815
1309115927,15.20000000,10.35172185
1309115928,15.09999000,5.00000000
1309115928,15.00000000,29.00000000
1309115928,15.00000000,3.68000000
1309115929,15.00000000,1.00000000
1309115929,15.00000000,1.22000000
1309115929,15.00000000,0.92800000
1309115929,15.00000000,1.00000000
1309115929,15.00000000,20.00000000
1309115930,15.00000000,0.10000000
1309115930,15.09999000,5.10000000
1309115930,15.02000000,0.41600000
1309115930,15.09999000,1.00000000
1309115930,15.02000000,0.58400000
1309115930,15.00000000,44.41600000
1309115930,15.09999000,6.90000000
1309115930,15.20000000,3.45301282
1309115930,15.20000000,10.00000000
1309115930,15.00000000,1.22000000
1309115930,15.00000000,20.00000000
1309115931,15.00000000,1.00000000
1309115940,15.00000000,2.98500000
1309115940,15.00000000,1.23800000
1309115941,15.20000000,6.00000000
1309115941,15.02000000,1.00000000
1309115941,15.00000000,99.00000000
1309115941,15.10000000,0.29000000
1309115941,15.20000000,10.00000000
1309115941,15.20000000,10.00000000
1309115942,15.10000000,0.71000000
1309115942,15.00000000,0.29000000
1309115942,15.20000000,26.90000000
1309115942,15.20000000,1.00000000
1309115943,15.00000000,1.00000000
1309115943,15.20000000,2.00000000
1309115943,15.00000000,10.00000000
1309115945,15.20000000,1.00000000
1309115945,15.20000000,0.78881907
1309115946,15.20000000,18.50644626
1309115946,15.25000000,0.10000000
1309115946,15.30000000,41.39355374
1309115946,15.30000000,1.00000000
1309115947,15.30000000,1.00000000
1309115947,15.10000000,2.00000000
1309115947,15.00000000,8.00000000
1309115947,15.30000000,10.00000000
1309115947,15.00000000,1.00000000
1309115947,15.30000000,1.00000000
1309115948,15.10000000,1.00000000
1309115948,15.10000000,5.60000000
1309115948,15.00000000,1.32600000
1309115948,15.30000000,0.50000000
1309115948,15.30000000,5.00000000
1309115948,15.00000000,0.00200000
1309115948,15.00000000,20.00000000
1309115948,15.00000000,20.00000000
1309115948,15.00000000,3.00000000
1309115948,15.00000000,0.15000000
1309115948,15.00000000,604.23000000
1309115950,15.00000000,1.00000000
1309115950,15.00000000,5.00000000
1309115951,15.00000000,1.33300000
1309115952,15.00000000,2.25000000
1309115952,15.00000000,2.00000000
1309115952,14.90000000,3.00000000
1309115952,14.89000000,123.94605198
1309115952,14.80000000,10.00000000
1309115952,14.80000000,1.00000000
1309115952,14.80000000,7.00000000
1309115952,14.80000000,2.22000000
1309115952,14.78500000,1.00000000
1309115952,14.75000000,3.00000000
1309115953,14.75000000,1.00000000
1309115953,14.70000000,2.00000000
1309115953,15.30000000,0.01437908
1309115953,15.30000000,2.50000000
1309115954,15.30000000,0.10000000
1309115954,15.20000000,0.33000000
1309115954,15.30000000,2.30000000
1309115954,15.20000000,2.00000000
1309115954,15.20000000,2.87000000
1309115954,14.89000000,0.11000000
1309115954,14.66000000,0.07600000
1309115954,14.90000000,10.00000000
1309115954,14.90000000,10.00000000
1309115955,14.99999000,0.10000000
1309115955,14.99999000,0.10000000
1309115955,14.99999000,1.10800000
1309115956,14.99999000,2.00000000
1309115956,14.99999000,9.50000000
1309115956,14.99999000,1.00000000
1309115956,14.90000000,1.00000000
1309115956,14.80000000,1.00000000
1309115957,14.99999000,4.79200000
1309115957,14.99999000,9.20800000
1309115957,14.66000000,0.99400000
1309115957,14.99999000,0.79200000
1309115957,14.99999000,0.11000000
1309115957,15.00000000,0.09800000
1309115957,15.00000000,3.00000000
1309115958,14.99999000,0.11360007
1309115958,14.99999000,18.30000000
1309115958,14.99999000,2.00000000
1309115958,14.99999000,4.60000000
1309115958,14.99999000,5.00000000
1309115958,14.90000000,0.50000000
1309115959,14.99999000,0.17000000
1309115959,14.80000000,0.40000000
1309115959,14.66000000,2.77600000
1309115959,14.99999000,5.00000000
1309115959,14.99999000,4.11000000
1309115959,14.99999000,2.00000000
1309115959,14.99999000,4.74500000
1309115960,14.99999000,0.01000000
1309115960,14.99999000,1.87335522
1309115961,14.99999000,1.00000000
1309115961,14.99999000,3.00000000
1309115961,14.99999000,0.00340000
1309115962,14.66000000,6.15400000
1309115962,14.65000000,3.84600000
1309115962,14.99999000,2.31000000
1309115962,14.99999000,1.48148000
1309115962,14.99999000,2.00000000
1309115963,14.99999000,2.00000000
1309115963,14.99999000,10.00000000
1309115964,14.99999000,1.00000000
1309115964,14.99999000,0.65000000
1309115965,14.99999000,2.00000000
1309115965,14.99999000,0.25000000
1309115965,14.99999000,1.35000000
1309115965,14.99999000,10.00000000
1309115965,14.99999000,3.66500000
1309115965,14.99999000,0.46000000
1309115966,14.99999000,1.12000000
1309115966,14.99999000,4.40000000
1309115966,14.99000000,2.00000000
1309115966,14.99999000,1.45000000
1309115966,14.99999000,3.93816471
1309115966,14.99999000,0.06183529
1309115967,14.99999000,0.93816471
1309115967,14.99999000,0.05771029
1309115967,14.98999000,5.00000000
1309115967,14.98999000,4.00000000
1309116004,14.98999000,5.00000000
1309116004,14.98999000,1.45000000
1309116006,14.98999000,2.45000000
1309116006,14.99999000,2.00000000
1309116007,14.99999000,0.00232058
1309116007,14.99000000,0.55000000
1309116007,14.65000000,1.45999999
1309116079,14.65000000,4.45000000
1309116079,14.65000000,0.95000000
1309116100,14.99000000,4.00000000
1309116103,14.65000000,9.29400001
1309116103,14.64000000,0.70599999
1309116360,14.64000000,1.29400001
1309116361,14.60000000,3.00000000
1309116361,14.60000000,2.00000000
1309116361,14.60000000,3.70599999
1309116361,14.60000000,1.29400001
1309116361,14.51050000,5.00000000
1309116361,14.51000000,0.50000000
1309116361,14.50001000,3.14299999
1309116361,14.64999000,0.10000000
1309116361,14.64999000,1.90000000
1309116361,14.69000000,2.18000000
1309116361,14.50001000,6.85700001
1309116361,14.50000000,2.00000000
1309116361,14.50000000,5.00000000
1309116361,14.50000000,1.96299999
1309116361,14.63999000,2.70000000
1309116361,14.63999000,10.00000000
1309116361,14.50000000,1.03700001
1309116361,14.50000000,1.49899999
1309116361,14.50000000,2.85100001
1309116362,14.50000000,0.15199999
1309116362,14.50000000,2.84800001
1309116362,14.50000000,3.00000000
1309116362,14.50000000,2.00000000
1309116362,14.50000000,2.15199999
1309116362,14.59000000,21.15300000
1309116362,14.63000000,10.00000000
1309116362,14.63999000,12.30000000
1309116362,14.64010000,1.00000000
1309116362,14.64010000,4.00000000
1309116482,14.64010000,1.54700000
1309116482,14.65000000,1.00000000
1309116483,14.63999000,4.00000000
1309116483,14.65000000,4.39600000
1309116483,14.65000000,2.60400000
1309116484,14.65000000,10.00000000
1309116484,14.50000000,47.84800001
1309116484,14.40000000,10.00000000
1309116484,14.40000000,0.98700000
1309116484,14.38000000,5.00000000
1309116484,14.31000000,1.10000000
1309116484,14.30000000,5.00000000
1309116484,14.22002000,8.00000000
1309116484,14.20000000,5.00000000
1309116485,14.20000000,0.85000000
1309116485,14.16466000,13.61099999
1309116485,14.90000000,0.00724832
1309116486,14.90000000,4.31705973
1309116543,14.64000000,1.00000000
1309116544,14.64000000,19.00000000
1309116545,14.90001000,121.20000000
1309116545,14.90001000,0.95000000
1309116545,14.64000000,50.00000000
1309116545,14.60000000,7.85000000
1309116602,14.98000000,2.75000000
1309116602,14.98001000,1.00000000
1309116603,14.98001000,4.00300000
1309116603,14.98001000,1.00000000
1309116604,14.98001000,2.00000000
1309116605,14.98001000,0.99919558
1309116664,14.98001000,1.00000000
1309116664,14.98999000,10.00000000
1309116721,14.98001000,1.00000000
1309116721,14.98001000,0.18550000
1309116721,14.98001000,2.79450000
1309116729,14.98999000,2.00000000
1309116730,14.99999000,3.93996913
1309116730,14.99999000,3.00000000
1309116730,14.99999000,1.06003087
1309116730,14.99000000,0.10000000
1309116730,14.99000000,0.16000000
1309116730,14.98001000,0.20550000
1309116730,14.90001000,3.00000000
1309116730,14.90001000,1.00000000
1309116730,14.97075000,1.00000000
1309116730,14.97075000,5.81293522
1309116730,14.90001000,1.80000000
1309116730,14.84180000,0.20000000
1309116794,14.84180000,1.00000000
1309116794,14.84180000,1.88000000
1309116794,14.80000000,1.05000000
1309116794,14.80000000,25.00000000
1309116794,14.80000000,11.60000000
1309116842,14.80000000,1.00000000
1309116842,14.80000000,1.00000000
1309116903,14.64009000,5.00000000
1309116904,14.60000000,2.15000000
1309116904,14.60000000,5.00000000
1309116904,14.59999000,1.00000000
1309116904,14.64009000,2.00000000
1309116904,14.59999000,1.00000000
1309116905,14.59999000,1.02240000
1309116965,14.59999000,0.11000000
1309116965,14.59999000,0.10000000
1309116965,14.55000000,2.00000000
1309117024,14.59999000,1.00000000
1309117025,14.55000000,48.00000000
1309117025,14.52000000,3.00000000
1309117025,14.50001000,1.00000000
1309117025,14.50000000,2.00000000
1309117025,14.50000000,10.00000000
1309117025,14.50000000,3.00000000
1309117025,14.50000000,3.44830000
1309117025,14.50000000,17.50000000
1309117025,14.50000000,4.00000000
1309117025,14.50000000,1.00000000
1309117082,14.50000000,2.00000000
1309117083,14.50000000,2.00000000
1309117084,14.50000000,7.00000000
1309117084,14.50000000,1.05170000
1309117084,14.54000000,6.12720000
1309117085,14.54000000,0.00048143
1309117141,14.51000000,7.97900000
1309117142,14.51000000,2.02100000
1309117142,14.50001000,1.00000000
1309117142,14.48000000,2.50000000
1309117142,14.46130000,3.19000000
1309117142,14.41000000,5.00000000
1309117142,14.40000000,10.00000000
1309117143,14.40000000,1.00000000
1309117143,14.50001000,2.00000000
1309117145,14.47999000,0.00945787
1309117145,14.20000000,1.00000000
1309117145,14.16466000,1.50400000
1309117145,14.47999000,1.00000000
1309117145,14.47999000,0.50000000
1309117145,14.47999000,1.00000000
1309117201,14.47999000,1.00000000
1309117263,14.47999000,1.00000000
1309117264,14.41999000,0.10000000
1309117264,14.47999000,0.49054213
1309117264,14.47999000,0.40945787
1309117320,14.41999000,1.00000000
1309117320,14.22000000,3.00000000
1309117320,14.23000000,10.00000000
1309117381,14.40000000,6.00000000
1309117381,14.22100000,5.00000000
1309117381,14.19000000,3.08650000
1309117381,14.17700000,1.21760855
1309117442,14.20000000,2.03000000
1309117443,14.17700000,1.20800000
1309117443,14.20000000,1.01000000
1309117443,14.20000000,0.04619718
1309117443,14.17700000,0.57439145
1309117444,14.17699000,2.00000000
1309117444,14.15000000,1.00000000
1309117444,14.12700000,0.99000000
1309117444,14.17699000,1.00000000
1309117445,14.17699000,10.00000000
1309117445,14.17699000,1.00000000
1309117445,14.17699000,2.65000000
1309117504,14.17699000,1.00000000
1309117505,14.17699000,1.00000000
1309117505,14.17699000,1.00000000
1309117505,14.12700000,24.27100000
1309117505,14.12700000,1.00000000
1309117506,14.17699000,1.30000000
1309117506,14.12700000,25.00000000
1309117506,14.12700000,2.00500000
1309117506,14.17699000,1.47560855
1309117506,14.17699000,0.50000000
1309117507,14.17699000,0.07701282
1309117507,14.12700000,13.00700000
1309117561,14.12700000,8.72954838
1309117561,14.11000000,3.12245162
1309117561,14.11000000,6.87754838
1309117561,14.11000000,2.25438135
1309117561,14.11000000,1.00000000
1309117561,14.17699000,0.92298718
1309117562,14.17699000,2.07701282
1309117562,14.11000000,1.74561865
1309117562,14.10200000,5.51500000
1309117562,14.10000000,1.58538135
1309117562,14.10000000,0.36000000
1309117621,14.10000000,2.84000000
1309117622,14.12699000,1.00000000
1309117622,14.10000000,5.21461865
1309117622,14.10000000,3.16038135
1309117622,14.12699000,0.33000000
1309117622,14.12699000,0.67000000
1309117622,14.12699000,1.33000000
1309117623,14.12699000,1.67000000
1309117623,14.17699000,0.20000000
1309117623,14.17699000,3.13000000
1309117623,14.12699000,0.34585000
1309117623,14.17699000,4.65415000
1309117680,14.11000000,1.00000000
1309117680,14.10000000,0.83961865
1309117680,14.10000000,1.00000000
1309117681,14.10000000,5.00000000
1309117681,14.10000000,2.00000000
1309117681,14.10000000,1.00000000
1309117681,14.10000000,8.46038135
1309117681,14.12699000,1.00000000
1309117681,14.12699000,1.00000000
1309117681,14.17699000,3.46585000
1309117681,14.17700000,2.00000000
1309117681,14.17700000,0.99000000
1309117681,14.17700000,3.58376865
1309117741,14.12700000,0.26000000
1309117741,14.12700000,9.74000000
1309117741,14.11000000,1.00000000
1309117742,14.20000000,0.00080282
1309117800,14.20000000,0.10000000
1309117800,14.20000000,14.89919718
1309117800,14.10000000,2.00000000
1309117800,14.10999000,2.10080282
1309117800,14.30000000,7.89919718
1309117800,14.12480000,0.96590000
1309117800,14.12000000,4.13690282
1309117800,14.12000000,3.48100000
1309117862,14.20001000,6.10000000
1309117863,14.20001000,0.49800000
1309117920,14.20001000,0.95200000
1309117920,14.20000000,4.00000000
1309117920,14.12000000,2.38209718
1309117920,14.11999000,2.66590282
1309117920,14.40000000,1.00000000
1309117920,14.40001000,1.33409718
1309117920,14.40001000,0.12200000
1309117920,14.15000000,2.00800000
1309117981,14.21000000,1.00000000
1309118040,14.21000000,16.92000000
1309118041,14.20000000,1.11550000
1309118041,14.20000000,10.00000000
1309118041,14.15000000,0.50000000
1309118041,14.20000000,5.00000000
1309118042,14.15000000,12.00000000
1309118103,14.20000000,4.17224366
1309118104,14.20000000,0.46970000
1309118104,14.20000000,10.35900000
1309118105,14.20000000,4.26696338
1309118105,14.15000000,5.49200000
1309118106,14.15000000,0.50000000
1309118106,14.13000000,15.00000000
1309118106,14.12000000,4.00000000
1309118106,14.10000000,1.16000000
1309118106,14.09900000,1.58790000
1309118106,14.09200000,39.48510000
1309118107,14.09200000,3.00000000
1309118107,14.20000000,3.00000000
1309118107,14.20000000,10.00000000
1309118107,14.20000000,10.00000000
1309118163,14.20000000,3.00000000
1309118164,14.20000000,0.16150000
1309118164,14.20000000,0.30084507
1309118164,14.14999000,1.00000000
1309118164,14.20000000,8.00000000
1309118165,14.20000000,50.23424789
1309118165,14.20000000,10.00000000
1309118165,14.20999000,7.80000000
1309118165,14.28000000,0.02213025
1309118221,14.24000000,0.03000000
1309118222,14.24000000,5.17000000
1309118222,14.20001000,4.83000000
1309118222,14.20001000,18.50000000
1309118223,14.20001000,16.43575211
1309118223,14.20001000,0.10000000
1309118223,14.10000000,1.00000000
1309118223,14.07000000,5.00000000
1309118224,14.06999000,10.00000000
1309118224,14.06999000,13.00000000
1309118224,14.06999000,2.00000000
1309118224,14.06999000,3.00000000
1309118225,14.06999000,2.00000000
1309118225,14.06999000,1.00000000
1309118225,14.06999000,1.00000000
1309118284,14.06999000,1.50000000
1309118284,14.06999000,1.00000000
1309118284,14.06999000,1.00000000
1309118284,14.06999000,10.00000000
1309118285,14.06999000,0.74500000
1309118285,14.06999000,0.15900000
1309118285,14.06999000,10.00000000
1309118341,14.05100000,4.55600000
1309118341,14.06999000,4.00000000
1309118341,14.06999000,6.50000000
1309118342,14.06999000,0.75000000
1309118342,14.05100000,0.20000000
1309118342,14.06999000,0.10000000
1309118342,14.05100000,0.24400000
1309118342,14.05099000,2.00000000
1309118342,14.05000000,0.79656085
1309118342,14.05000000,19.20343915
1309118342,14.05099000,0.75600000
1309118342,14.05099000,0.24400000
1309118403,14.05000000,39.00000000
1309118403,14.05099000,10.16600000
1309118404,14.06999000,73.73080151
1309118404,14.06000000,5.50000000
1309118404,14.06999000,3.51519849
1309118404,14.23999000,0.98480151
1309118404,14.05099000,0.97830000
1309118405,14.05099000,1.00000000
1309118405,14.05000000,2.00000000
1309118460,14.05099000,2.92170000
1309118461,14.05099000,0.20000000
1309118461,14.05099000,3.87830000
1309118461,14.05099000,0.12170000
1309118461,14.20000000,1.00000000
1309118522,14.23999000,1.40000000
1309118580,14.21000000,1.00000000
1309118580,14.20000000,9.00000000
1309118580,14.07000000,3.00000000
1309118580,14.19999000,1.00000000
1309118580,14.19999000,1.00000000
1309118580,14.19999000,0.25000000
1309118641,14.07000000,7.13000000
1309118641,14.05100000,1.00000000
1309118641,14.05100000,1.00000000
1309118641,14.05100000,0.84000000
1309118641,14.05000000,2.00000000
1309118641,14.01000000,55.00000000
1309118641,14.01000000,3.39594802
1309118642,14.19999000,0.12040000
1309118642,14.19999000,1.37960000
1309118642,14.20999000,9.14640000
1309118642,14.19999000,2.22480000
1309118643,14.10000000,4.00000000
1309118643,14.06999000,1.77520000
1309118643,14.20000000,0.11000000
1309118705,14.20999000,3.00000000
1309118705,14.20000000,2.41480000
1309118706,14.15000000,5.00000000
1309118706,14.05000000,1.00000000
1309118706,14.20000000,1.00000000
1309118706,14.05000000,2.00000000
1309118706,14.01000000,16.60405198
1309118707,14.01000000,0.39594802
1309118707,14.20999000,2.54000000
1309118707,14.20999000,2.00000000
1309118708,14.21000000,1.00000000
1309118824,14.21000000,4.46000000
1309118824,14.21000000,1.00000000
1309118824,14.07000000,1.77550000
1309118825,14.05000000,2.00000000
1309118825,14.02000000,0.27450000
1309118825,14.19999000,1.00000000
1309118825,14.20200000,0.50000000
1309118825,14.20999000,1.00000000
1309118826,14.21200000,0.09590000
1309118826,14.20200000,0.39460000
1309118826,14.20000000,0.53190000
1309118944,14.19999000,1.00000000
1309118944,14.19999000,12.00000000
1309118944,14.15000000,5.00000000
1309118944,14.10000000,5.00000000
1309118944,14.05000000,0.26000000
1309118944,14.02000000,1.50590282
1309118945,14.19999000,25.00000000
1309118945,14.19999000,2.00000000
1309118945,14.23999000,2.30000000
1309118945,14.02000000,1.21959718
1309118946,14.01000000,0.10405198
1309118946,14.01000000,0.00491077
1309118946,14.01000000,10.00000000
1309118946,14.01000000,5.00000000
1309118946,14.01000000,1.00000000
1309118946,14.01000000,65.59744007
1309118946,14.01000000,1.00000000
1309119063,14.19999000,0.90000000
1309119064,14.23999000,6.28455567
1309119065,14.17000000,3.00000000
1309119065,14.01000000,16.00000000
1309119066,14.23999000,9.03064282
1309119066,14.24000000,0.39900000
1309119068,14.24999000,0.50000000
1309119120,14.24000000,0.57035718
1309119120,14.24000000,0.42964282
1309119120,14.30000000,10.00000000
1309119120,14.24000000,0.83000000
1309119120,14.24000000,0.26000000
1309119120,14.24000000,8.48035718
1309119120,14.10000000,20.00000000
1309119120,14.10000000,2.00000000
1309119120,14.01000000,5.04064282
1309119185,14.19999000,0.10000000
1309119185,14.45200000,3.04000000
1309119185,14.47999000,2.59054213
1309119185,14.49210000,4.26945787
1309119185,14.45201000,1.00000000
1309119186,14.05000000,0.26000000
1309119186,14.01400000,3.41800000
1309119243,14.23999000,5.00000000
1309119244,14.20000000,1.98700000
1309119245,14.27800000,100.00000000
1309119245,14.27800000,0.26000000
1309119245,14.27800000,2.00000000
1309119300,14.27800000,100.00000000
1309119300,14.27800000,50.00000000
1309119300,14.27800000,20.00000000
1309119300,14.27800000,2.00000000
1309119300,14.27800000,5.00000000
1309119301,14.27800000,20.74000000
1309119424,14.27799000,0.20000000
1309119425,14.27799000,1.10000000
1309119425,14.20000000,20.22700000
1309119425,14.27799000,0.73480000
1309119481,14.27799000,0.20696000
1309119482,14.27799000,3.41500000
1309119541,14.25990000,5.00000000
1309119541,14.27799000,1.94440000
1309119542,14.20001000,1.00000000
1309119542,14.20000000,10.61600000
1309119542,14.19999000,2.66500000
1309119544,14.19999000,5.00000000
1309119601,14.19999000,0.20000000
1309119601,14.19999000,10.00000000
1309119601,14.19999000,1.80480000
1309119602,14.19999000,2.00000000
1309119602,14.19999000,10.00000000
1309119603,14.19999000,0.10000000
1309119662,14.19999000,4.70000000
1309119662,14.19999000,0.53120000
1309119663,14.19999000,5.00000000
1309119663,14.19999000,21.00000000
1309119663,14.10000000,2.50000000
1309119664,14.19999000,1.92730000
1309119721,14.19999000,13.12000000
1309119721,14.19999000,8.20000000
1309119721,14.10000000,15.00000000
1309119722,14.19999000,2.13570000
1309119781,14.20000000,4.90650000
1309119781,14.20000000,11.24350000
1309119782,14.30000000,2.00000000
1309119782,14.27800000,0.50000000
1309119783,14.20000000,3.75650000
1309119783,14.20000000,2.46500000
1309119783,14.20000000,3.00000000
1309119783,14.15000000,1.00000000
1309119783,14.14000000,1.00000000
1309119784,14.13000000,1.00000000
1309119784,14.12000000,1.00000000
1309119784,14.11300000,1.00000000
1309119784,14.11000000,1.00000000
1309119784,14.10100000,10.00000000
1309119784,14.10000000,17.50000000
1309119784,14.10000000,3.00000000
1309119784,14.09999000,1.00000000
1309119842,14.09999000,0.00014397
1309119843,14.09999000,1.70000000
1309119844,14.09999000,6.95000000
1309119844,14.09999000,11.00000000
1309119844,14.09070000,3.16000000
1309119844,14.05000000,14.84000000
1309119845,14.09999000,10.00000000
1309119845,14.09999000,10.00000000
1309119902,14.09069000,1.20000000
1309119902,14.09069000,1.00000000
1309119903,14.09069000,0.77000000
1309119903,14.05000000,0.50000000
1309119904,14.02000000,1.95000000
1309119904,14.02000000,0.55000000
1309119904,14.09069000,1.64450000
1309119905,14.02000000,2.00000000
1309119905,14.02000000,3.45000000
1309119905,14.02000000,10.00000000
1309119962,14.09000000,0.50000000
1309119962,14.09069000,1.55457255
1309119962,14.09069000,10.00000000
1309119962,14.09069000,1.03167000
1309119963,14.09069000,10.00000000
1309119963,14.09069000,1.00000000
1309119964,14.01100000,1.15000000
1309119964,14.01000000,8.29300000
1309119965,14.01000000,1.00000000
1309120023,14.09001000,10.00000000
1309120023,14.02500000,29.79925745
1309120024,14.20000000,2.00000000
1309120082,14.20000000,1.80000000
1309120082,14.20000000,0.20000000
1309120142,14.25000000,1.00000000
1309120142,14.20000000,0.03167000
1309120142,14.20000000,0.76833000
1309120142,14.20000000,0.75109155
1309120143,14.29565000,0.99700000
1309120202,14.30000000,3.74000000
1309120202,14.29566000,10.00000000
1309120202,14.21000000,10.00000000
1309120202,14.20610000,1.87200000
1309120203,14.20000000,1.00000000
1309120203,14.19999000,3.60000000
1309120203,14.19999000,9.90000000
1309120204,14.19999000,3.00000000
1309120205,14.19999000,7.50000000
1309120217,14.10000000,5.00000000
1309120217,14.10000000,1.00000000
1309120218,14.19999000,1.00000000
1309120223,14.19999000,0.74460000
1309120262,14.19999000,9.30000000
1309120263,14.19999000,17.90000000
1309120263,14.19999000,7.65635046
1309120322,14.10000000,8.00000000
1309120322,14.19999000,2.00000000
1309120322,14.19999000,1.03585000
1309120322,14.19999000,0.65000000
1309120381,14.19999000,0.00103699
1309120381,14.19999000,1.40000000
1309120382,14.19999000,7.00000000
1309120382,14.19999000,20.00000000
1309120441,14.19999000,1.00000000
1309120441,14.19999000,0.20000000
1309120441,14.15000000,4.29000000
1309120442,14.15000000,5.71000000
1309120442,14.19999000,0.29000000
1309120442,14.19999000,3.69250000
1309120501,14.19999000,5.00000000
1309120501,14.19999000,0.33319172
1309120501,14.19999000,5.00000000
1309120502,14.19999000,2.59000000
1309120503,14.11999000,0.13000000
1309120503,14.19999000,13.95000000
1309120503,14.19999000,10.00000000
1309120504,14.19999000,0.87000000
1309120504,14.15000000,1.52900000
1309120505,14.19999000,3.47170000
1309120505,14.15100000,2.00000000
1309120506,14.15100000,3.80000000
1309120506,14.15000000,2.56400000
1309120506,14.15000000,10.87200000
1309120561,14.19999000,6.30277083
1309120561,14.20000000,1.69722917
1309120561,14.15000000,1.62277083
1309120561,14.15000000,10.00000000
1309120621,14.38000000,1.00000000
1309120621,14.20000000,0.10000000
1309120622,14.20000000,3.11000000
1309120681,14.20000000,0.50000000
1309120681,14.42327000,0.44000000
1309120681,14.44270000,0.56000000
1309120682,14.28000000,6.88900000
1309120741,14.38001000,2.88200000
1309120741,14.28000000,7.11100000
1309120741,14.20000000,0.69700000
1309120742,14.30000000,0.10000000
1309120742,14.42328000,1.42000000
1309120742,14.20200000,2.33770000
1309120742,14.20000000,15.59300000
1309120742,14.20000000,54.63929999
1309120743,14.20000000,2.00000000
1309120801,14.44270000,2.48000000
1309120801,14.47690000,0.75109155
1309120802,14.48670000,96.76890845
1309120802,14.28000000,0.51000000
1309120802,14.38001000,2.00000000
1309120862,14.44271000,1.00000000
1309120921,14.44271000,1.32200000
1309120921,14.44271000,0.90000000
1309120921,14.44271000,1.01000000
1309120921,14.44270000,5.00000000
1309120921,14.38001000,0.47500000
1309120921,14.28000000,6.49000000
1309120921,14.21000000,1.00000000
1309120922,14.20000000,2.03500000
1309120922,14.44270000,6.49320279
1309120922,14.44270000,0.47340000
1309120922,14.44270000,2.00000000
1309120923,14.44270000,4.80000000
1309120923,14.20000000,13.23000000
1309120923,14.44270000,8.00000000
1309120980,14.44270000,13.20000000
1309120981,14.44000000,0.54360000
1309120981,14.44000000,0.45640000
1309120981,14.44270000,9.54360000
1309121041,14.44270000,3.80000000
1309121043,14.44270000,6.90000000
1309121043,14.44270000,3.00000000
1309121044,14.44270000,0.50600000
1309121044,14.44270000,8.05179721
1309121044,14.44270000,0.10000000
1309121044,14.44270000,0.10000000
1309121044,14.47500000,1.00000000
1309121044,14.47501000,1.04820279
1309121045,14.43000000,1.44650000
1309121105,14.43000000,1.00000000
1309121107,14.44271000,1.02000000
1309121107,14.44271000,1.03688699
1309121108,14.50000000,2.00000000
1309121108,14.50000000,1.00000000
1309121108,14.50000000,3.00000000
1309121108,14.50000000,2.00000000
1309121109,14.50000000,2.00000000
1309121109,14.47000000,0.10000000
1309121110,14.44271000,2.94311301
1309121110,14.44271000,10.18388699
1309121162,14.44271000,2.51776578
1309121163,14.44271000,0.00500000
1309121164,14.49980000,0.10000000
1309121164,14.50001000,1.00000000
1309121165,14.50001000,0.80000000
1309121221,14.52000000,1.00000000
1309121221,14.52000000,1.00000000
1309121221,14.50001000,4.10000000
1309121221,14.50001000,10.30000000
1309121221,14.44300000,20.00000000
1309121221,14.44271000,4.73000000
1309121221,14.52000000,4.00000000
1309121221,14.59999000,6.76760000
1309121221,14.59999000,1.00000000
1309121221,14.65000000,4.00000000
1309121221,14.70000000,5.00000000
1309121221,14.70110000,3.00000000
1309121221,14.74000000,1.00000000
1309121291,14.80350000,1.00000000
1309121292,14.52001000,1.00000000
1309121295,14.52001000,1.00000000
1309121295,14.52001000,2.10915000
1309121340,14.52002000,2.00000000
1309121340,14.52001000,5.00000000
1309121340,14.52001000,1.00000000
1309121340,14.80350000,2.01000000
1309121400,14.80351000,2.98100000
1309121401,14.89000000,1.00000000
1309121401,14.90000000,6.00000000
1309121401,14.92000000,3.00000000
1309121402,14.95000000,7.34134314
1309121402,14.90000000,1.00000000
1309121403,14.95000000,13.55865686
1309121403,14.97075000,12.82156478
1309121403,14.99000000,3.61977836
1309121460,14.90000000,2.00000000
1309121461,14.85000000,1.00000000
1309121461,14.80351000,2.00000000
1309121462,14.99000000,6.38022164
1309121463,14.99999000,1.18996913
1309121463,15.00000000,2.42980923
1309121464,15.00000000,1.57019077
1309121464,15.00000000,5.00000000
1309121464,15.00000000,0.00400000
1309121464,15.00000000,2.00000000
1309121464,15.00000000,1.00000000
1309121464,15.00000000,8.90000000
1309121464,15.17420000,2.97000000
1309121464,15.20000000,3.00000000
1309121465,15.24000000,2.00000000
1309121465,15.25000000,3.00000000
1309121465,15.30000000,2.00000000
1309121465,15.30000000,35.19206718
1309121465,15.30000000,5.00000000
1309121465,15.40000000,100.00000000
1309121465,15.40000000,2.00000000
1309121465,15.40000000,1.00000000
1309121465,15.46000000,1.00000000
1309121465,15.48000000,2.00000000
1309121465,15.50000000,46.91745453
1309121465,15.50000000,0.01200000
1309121465,15.50000000,1.10000000
1309121466,15.50000000,0.77913330
1309121466,15.50000000,5.00000000
1309121466,15.50000000,8.24606322
1309121520,14.89001000,0.79000000
1309121520,14.89001000,10.00000000
1309121520,14.80351000,17.97600000
1309121521,15.10000000,1.00000000
1309121521,15.10000000,1.00000000
1309121522,15.10000000,0.38000000
1309121522,15.10000000,0.62000000
1309121522,15.00000000,1.00000000
1309121522,15.00000000,0.80000000
1309121522,14.99001000,10.00000000
1309121522,14.99001000,5.45500000
1309121523,15.50000000,44.70000000
1309121580,15.00000000,1.00000000
1309121580,15.00000000,2.30000000
1309121580,15.50000000,6.00000000
1309121580,15.50000000,5.68406451
1309121642,15.50000000,8.50303225
1309121642,15.50000000,166.86684002
1309121643,15.52000000,10.00000000
1309121644,15.50001000,0.94230000
1309121700,15.55380000,2.00000000
1309121701,15.50001000,4.25416249
1309121701,15.55380000,0.93000000
1309121701,15.60000000,0.15000000
1309121702,15.60000000,8.92000000
1309121702,15.50001000,24.80353751
1309121702,15.50001000,4.00000000
1309121702,15.50001000,4.90000000
1309121702,15.10000000,9.75646249
1309121702,15.10000000,6.32000000
1309121761,15.00000000,19.00000000
1309121762,15.50000000,1.98000000
1309121762,15.50001000,1.00000000
1309121764,15.75000000,5.00000000
1309121764,15.77000000,1.26000000
1309121765,15.52001000,2.00000000
1309121765,15.50001000,17.02000000
1309121765,15.77000000,0.74000000
1309121821,15.77001000,10.00000000
1309121822,15.77001000,20.00000000
1309121822,15.77001000,1.00000000
1309121822,15.90000000,0.40000000
1309121822,15.90001000,1.60000000
1309121822,15.77001000,0.61000000
1309121823,15.77001000,8.00000000
1309121823,15.77001000,1.00000000
1309121823,15.77001000,2.02000000
1309121880,15.77001000,3.63000000
1309121881,15.77001000,0.37000000
1309121881,15.77001000,8.00000000
1309121882,15.77001000,1.00000000
1309121882,15.77001000,0.63000000
1309121882,15.77000000,0.37000000
1309121883,15.77001000,1.00000000
1309121883,15.94240000,0.10000000
1309121884,15.94240000,2.80000000
1309121884,15.94950000,26.35596100
1309121885,15.94241000,1.20000000
1309121885,15.94241000,8.80000000
1309121885,15.94950000,6.64403900
1309121885,15.95000000,4.88000000
1309121886,15.96000000,30.00000000
1309121886,15.97000000,1.00000000
1309121886,15.98000000,100.00000000
1309121886,15.98000000,1.00000000
1309121886,15.98900000,9.00000000
1309121886,15.99000000,1.00000000
1309121886,15.99700000,10.00000000
1309121886,15.99999000,5.00000000
1309121886,15.99999000,1.50100000
1309121886,15.99999000,62.00000000
1309121886,16.00000000,3.00000000
1309121887,16.00000000,50.00000000
1309121887,16.00000000,0.10000000
1309121887,16.00000000,2.00000000
1309121887,16.00000000,300.00000000
1309121887,16.00000000,1.00000000
1309121887,16.00000000,5.00000000
1309121888,16.00000000,10.00000000
1309121888,16.00000000,4.00000000
1309121888,16.00000000,2.00000000
1309121888,16.00000000,5.00000000
1309121888,16.00000000,1.00000000
1309121888,16.00000000,2.00000000
1309121888,16.00000000,8.00000000
1309121889,16.00000000,774.87496100
1309121889,15.94241000,2.96000000
1309121890,15.94241000,8.24000000
1309121890,15.94241000,4.49085968
1309121942,16.00000000,25.12503900
1309121942,16.00000000,1.00000000
1309121943,16.00000000,3.87496100
1309121944,15.94241000,6.12503900
1309121944,15.94241000,1.00000000
1309121944,15.97001000,1.00000000
1309122002,15.97001000,2.87335400
1309122003,16.20000000,1.00000000
1309122003,15.97001000,1.00000000
1309122004,16.10000000,2.00400000
1309122060,16.24000000,1.00000000
1309122060,16.25000000,0.99950000
1309122060,16.30000000,2.00000000
1309122060,16.34150000,2.86000000
1309122060,16.48000000,0.80000000
1309122060,16.49000000,0.80000000
1309122061,16.49000000,1.54050000
1309122061,16.20001000,6.00000000
1309122061,16.49000000,51.35135839
1309122061,16.20001000,0.50000000
1309122062,16.20001000,3.50000000
1309122062,16.20000000,6.50000000
1309122062,16.24001000,1.00000000
1309122063,16.24001000,19.00000000
1309122064,16.20002000,1.00000000
1309122064,16.20001000,8.00000000
1309122064,16.20000000,6.61200000
1309122064,16.20000000,2.00000000
1309122064,16.20000000,11.00000000
1309122065,16.20000000,0.50000000
1309122065,16.20000000,3.00000000
1309122121,16.20000000,10.00000000
1309122124,16.45000000,10.00000000
1309122124,16.30000000,1.00000000
1309122124,16.30000000,4.34999999
1309122125,16.45000000,9.00000000
1309122125,16.45000000,3.20486322
1309122181,16.30000000,4.65000001
1309122181,16.24000000,0.70000000
1309122181,16.20000000,4.64999999
1309122183,16.45000000,10.00000000
1309122183,16.29000000,1.97210000
1309122184,16.20000000,0.02790000
1309122184,16.20000000,2.14400000
1309122184,16.29999000,8.72324829
1309122184,16.29999000,1.27675171
1309122184,16.45000000,3.52401094
1309122184,16.20000000,1.90000000
1309122185,16.45000000,2.00000000
1309122185,16.20000000,5.38700000
1309122186,16.34812000,1.00000000
1309122186,16.48000000,30.00000000
1309122186,16.48000000,2.00000000
1309122186,16.49999000,1.00000000
1309122186,16.49999000,2.00000000
1309122186,16.49999000,0.26414925
1309122187,16.45001000,1.00000000
1309122187,16.45001000,0.90000000
1309122187,16.45001000,8.10000000
1309122187,16.21000000,1.50000000
1309122187,16.10000000,7.99600000
1309122241,16.19999000,0.25000000
1309122241,16.19999000,2.00000000
1309122241,16.00000000,0.00300000
1309122242,16.24001000,10.00000000
1309122242,16.19800000,10.00000000
1309122243,16.29999000,0.11800000
1309122243,16.29999000,0.90550000
1309122244,16.24001000,6.00000000
1309122301,16.20000000,6.50000000
1309122302,16.00000000,11.99700000
1309122305,15.99999000,2.39500000
1309122305,15.99999000,11.60800000
1309122305,16.10000000,23.50000000
1309122306,16.26000000,4.89200000
1309122360,16.25000000,0.99600000
1309122361,16.26000000,1.00000000
1309122361,16.26000000,0.85000000
1309122362,16.25000000,10.00000000
1309122362,16.26000000,0.91782200
1309122362,16.25000000,1.01000000
1309122363,16.26000000,2.34017800
1309122363,16.29999000,5.70982200
1309122363,16.25000000,7.99400000
1309122363,16.20000000,3.00000000
1309122364,15.97001000,0.12664600
1309122364,15.97001000,3.87335400
1309122365,15.97001000,0.39265473
1309122365,15.97000000,0.60734527
1309122365,16.00000000,12.00600000
1309122365,16.19900000,7.38665473
1309122365,15.94241000,10.00000000
1309122421,16.19900000,0.60140000
1309122421,16.19900000,0.01194527
1309122421,16.20000000,1.00000000
1309122422,16.26001000,8.46900000
1309122422,16.26001000,0.40000000
1309122422,16.26001000,5.11905473
1309122422,16.26001000,1.70000000
1309122423,15.94241000,3.38410132
1309122423,15.94241000,3.00000000
1309122424,16.26001000,0.12000000
1309122481,15.97500000,1.23240000
1309122481,15.97499000,0.76760000
1309122482,16.00000000,1.10000000
1309122482,16.00000000,1.04000000
1309122542,16.00000000,2.49240000
1309122542,15.97499000,0.01000000
1309122544,15.97499000,0.97760000
1309122544,16.20001000,2.92240000
1309122544,15.93280000,2.97000000
1309122544,15.90000000,10.00000000
1309122544,15.90000000,1.00000000
1309122544,15.90000000,35.00000000
1309122545,15.80000000,1.00000000
1309122545,15.77001000,3.63000000
1309122545,15.75000000,1.00000000
1309122545,15.66000000,1.00000000
1309122545,15.60000000,10.00000000
1309122546,15.52430000,3.09000000
1309122546,15.50000000,3.00000000
1309122546,15.50000000,1.34970000
1309122602,15.50000000,2.00000000
1309122603,15.50000000,0.61000000
1309122603,15.50000000,0.43632258
1309122603,15.50000000,1.37500000
1309122604,15.50000000,0.72950000
1309122605,15.50000000,0.40000000
1309122605,15.43000000,1.00000000
1309122605,15.13131000,19.00000000
1309122607,15.42999000,1.00000000
1309122607,15.50000000,9.25608387
1309122608,15.50000000,7.30000000
1309122661,15.50000000,1.93099355
1309122662,15.52000000,5.00000000
1309122662,15.50001000,5.00000000
1309122663,15.50001000,0.85900645
1309122664,15.50001000,1.14099355
1309122664,15.91230000,2.90000000
1309122664,15.97499000,0.40000000
1309122664,15.97499000,13.90000000
1309122722,15.51000000,1.00000000
1309122780,15.51450000,0.25000000
1309122781,15.51450000,1.00000000
1309122782,15.97000000,0.00482154
1309122842,15.90000000,0.91782200
1309122844,15.97000000,0.93876017
1309122844,15.90000000,2.77600000
1309122901,15.97000000,0.03000000
1309122901,15.97000000,2.00000000
1309122901,15.90000000,1.00000000
1309122901,15.90000000,1.00000000
1309122902,15.97000000,47.02641829
1309122902,15.97499000,3.90000000
1309122902,15.99000000,8.00000000
1309122902,15.99900000,1.00000000
1309122902,15.99999000,20.00000000
1309122902,16.17000000,0.50000000
1309122902,16.29999000,0.40000000
1309122902,16.31010000,2.86000000
1309122902,16.40000000,10.00000000
1309122903,16.42000000,5.00000000
1309122903,16.43000000,1.00000000
1309122903,16.44990000,50.00000000
1309122903,16.45000000,50.00000000
1309122903,16.47000000,2.00000000
1309122904,16.47400000,30.00000000
1309122904,16.47499000,25.00000000
1309122904,16.49000000,0.94200000
1309122904,16.49000000,42.37158171
1309122904,15.90000000,1.75000000
1309122905,15.97001000,0.60000000
1309122905,15.97001000,19.40000000
1309122905,15.90000000,5.00000000
1309122905,15.90000000,6.98500000
1309122906,15.90000000,2.00000000
1309122960,15.91000000,0.20000000
1309122961,15.90000000,3.57117800
1309122961,15.91000000,50.00000000
1309122962,15.90100000,4.58223000
1309122962,15.91000000,3.00000000
1309123022,15.90100000,1.00000000
1309123023,15.91000000,1.00000000
1309123023,15.91000000,2.00000000
1309123023,15.90100000,1.19000000
1309123023,15.91000000,16.66000000
1309123024,15.91000000,0.10000000
1309123024,15.90100000,3.57000000
1309123024,15.91000000,27.04000000
1309123024,15.91001000,0.40000000
1309123024,16.00000000,0.00184395
1309123083,16.00000000,24.77260000
1309123084,16.00000000,1.00000000
1309123084,16.00000000,12.00000000
1309123084,16.00000000,1.42882200
1309123084,16.00000000,10.00000000
1309123085,16.00000000,10.00000000
1309123087,16.48000000,1.79035194
1309123087,16.00000000,30.54600000
1309123141,16.48000000,10.00000000
1309123142,16.00000000,4.80076265
1309123142,16.30000000,0.10000000
1309123143,16.00000000,5.44997140
1309123143,16.00000000,10.00000000
1309123143,16.00000000,32.35002860
1309123143,16.00000000,0.50000000
1309123200,16.00000000,0.40000000
1309123201,16.00000000,36.74997140
1309123201,15.98000000,7.90000000
1309123201,15.91001000,7.56000000
1309123202,15.91001000,26.02802860
1309123203,16.48000000,0.17100000
1309123204,16.47000000,1.00000000
1309123204,16.48000000,8.00000000
1309123204,16.01000000,0.81400000
1309123205,16.01000000,2.00000000
1309123206,16.01000000,0.50000000
1309123206,16.48000000,0.43203883
1309123206,16.48000000,9.60660923
1309123206,16.48000000,0.39339077
1309123260,16.20000000,5.00000000
1309123260,16.01000000,8.00000000
1309123261,16.20000000,0.00030864
1309123262,16.20000000,4.27969136
1309123262,16.30000000,5.00000000
1309123262,16.47000000,12.72030864
1309123264,16.19999000,0.06700000
1309123264,16.19999000,0.93300000
1309123321,16.21000000,7.20000000
1309123321,16.21000000,5.00000000
1309123321,16.21000000,0.16000000
1309123321,16.21000000,1.00000000
1309123321,16.30000000,2.00000000
1309123322,16.48000000,2.23650000
1309123322,16.21000000,1.00000000
1309123322,16.21000000,1.00000000
1309123323,16.21000000,30.00000000
1309123381,16.30001000,4.00000000
1309123381,16.21000000,40.71700000
1309123381,16.21000000,4.00000000
1309123381,16.21000000,2.00000000
1309123382,16.21000000,3.97600000
1309123440,16.34000000,1.00000000
1309123441,16.25000000,0.30000000
1309123441,16.45000000,6.27500000
1309123502,16.45000000,0.50000000
1309123503,16.30000000,20.00000000
1309123503,16.30000000,1.00000000
1309123503,16.21000000,19.00000000
1309123504,16.45000000,8.00000000
1309123561,16.31000000,5.00000000
1309123561,16.31000000,15.14700000
1309123562,16.31000000,0.10000000
1309123562,16.31000000,6.47372318
1309123562,16.31000000,7.00000000
1309123562,16.31000000,0.10000000
1309123563,16.44000000,1.00000000
1309123563,16.45000000,15.22500000
1309123563,16.45000000,20.00000000
1309123564,16.47000000,2.00000000
1309123564,16.47000000,3.16000000
1309123564,16.48000000,23.32100000
1309123620,16.44000000,5.00000000
1309123620,16.44000000,0.10000000
1309123620,16.45000000,1.90000000
1309123681,16.47999000,3.00000000
1309123681,16.31000000,0.30000000
1309123682,16.47999000,3.00000000
1309123682,16.45000000,47.45000000
1309123682,16.45000000,2.44500000
1309123682,16.45000000,0.50000000
1309123682,16.45000000,34.29700000
1309123682,16.45000000,5.40800000
1309123683,16.47999000,10.24600000
1309123683,16.45000000,0.30000000
1309123684,16.45000000,0.60000000
1309123684,16.31000000,0.40000000
1309123740,16.47999000,2.00000000
1309123742,16.45000000,0.75000000
1309123742,16.40000000,0.39880000
1309123742,16.40000000,4.00100000
1309123802,16.45000000,1.25000000
1309123802,16.47999000,4.58620000
1309123802,16.41000000,22.85276000
1309123802,16.47999000,0.04000000
1309123860,16.47999000,3.00000000
1309123860,16.47990000,0.29900000
1309123861,16.47999000,3.64730000
1309123861,16.41000000,5.00000000
1309123861,16.47999000,18.20000000
1309123921,16.41000000,3.80500000
1309123921,16.41000000,0.30000000
1309123922,16.47975000,3.73090000
1309123922,16.47975000,16.26910000
1309123922,16.47999000,152.28050000
1309123922,16.47999000,18.80000000
1309123922,16.48000000,16.42010923
1309123922,16.48976000,2.50000000
1309123922,16.48990000,5.73029077
1309123922,16.41000000,30.38500000
1309123923,16.48000000,2.00000000
1309123981,16.41000000,1.48000000
1309123981,16.48000000,0.23458737
1309123982,16.47999000,2.05430000
1309123982,16.41000000,1.90570000
1309123983,16.41000000,4.88651726
1309123983,16.48000000,0.01000000
1309123984,16.41000000,2.35000000
1309123984,16.48000000,7.75541263
1309123985,16.48001000,6.03700000
1309124040,16.48001000,5.00300000
1309124041,16.48001000,6.20000000
1309124041,16.48001000,1.20000000
1309124042,16.48999000,20.00000000
1309124042,16.48001000,9.80000000
1309124102,16.48990000,10.00000000
1309124102,16.48999000,65.80352201
1309124102,16.48999000,14.19647799
1309124102,16.49000000,155.80352201
1309124103,16.48500000,6.06612072
1309124103,16.48001000,3.60000000
1309124103,16.48000000,11.36987928
1309124104,16.48000000,6.03012072
1309124104,16.41000000,27.03502274
1309124104,16.40000000,4.62459024
1309124104,16.40000000,2.00000000
1309124104,16.40000000,30.00000000
1309124104,16.40000000,0.31026630
1309124104,16.48991000,100.00000000
1309124160,16.48991000,0.20000000
1309124160,16.49000000,6.00000000
1309124160,16.48991000,10.00000000
1309124160,16.48991000,10.00000000
1309124160,16.48991000,0.42206386
1309124161,16.48991000,0.45813773
1309124161,16.48000000,21.00000000
1309124161,16.49000000,39.00000000
1309124220,16.49000000,400.00000000
1309124222,16.48999000,3.74560000
1309124222,16.41000000,24.00000000
1309124222,16.39800000,1.72100000
1309124222,16.32000000,20.00000000
1309124222,16.31200000,50.00000000
1309124222,16.31100000,4.27900000
1309124223,16.31100000,6.06912072
1309124280,16.48999000,4.65800000
1309124280,16.48990000,10.00000000
1309124280,16.48999000,140.00000000
1309124280,16.32100000,0.20000000
1309124281,16.39799000,0.97400000
1309124281,16.48999000,1.69396767
1309124281,16.48999000,49.90243233
1309124281,16.49000000,51.60456767
1309124340,16.40999000,1.00000000
1309124341,16.49000000,4.00000000
1309124341,16.35000000,3.00000000
1309124341,16.35000000,1.99400000
1309124341,16.35000000,3.20000000
1309124400,16.40000000,5.26200000
1309124401,16.40000000,7.00000000
1309124461,16.49000000,1.22032861
1309124462,16.49000000,3.77967139
1309124467,16.40000000,2.45000000
1309124467,16.49000000,0.70000000
1309124468,16.40000000,10.00000000
1309124468,16.46000000,1.00000000
1309124521,16.46000000,3.00000000
1309124521,16.46000000,1.04300000
1309124521,16.46000000,13.34583876
1309124521,16.46000000,3.00000000
1309124521,16.49000000,120.00000000
1309124522,16.46000000,0.10000000
1309124581,16.48100000,4.00000000
1309124581,16.49000000,0.08564705
1309124582,16.48100000,5.10138948
1309124640,16.46000000,0.18680000
1309124640,16.40000000,3.04000000
1309124700,16.40000000,13.66900000
1309124701,16.40000000,1.00000000
1309124761,16.41000000,2.74400000
1309124762,16.41000000,4.00000000
1309124762,16.41000000,7.40000000
1309124762,16.41000000,4.31010000
1309124763,16.41000000,1.35000000
1309124763,16.41000000,0.99590000
1309124763,16.40000000,19.00610000
1309124764,16.40000000,1.01000000
1309124823,16.49000000,1.39650000
1309124882,16.41200000,0.50000000
1309124883,16.41200000,23.54500000
1309124883,16.40100000,6.45500000
1309124883,16.40100000,1.00000000
1309124883,16.40100000,0.00500000
1309124940,16.45130000,1.00000000
1309124940,16.49000000,12.55602122
1309124941,16.49000000,0.10000000
1309125001,16.49000000,5.00000000
1309125001,16.42000000,1.05000000
1309125002,16.42000000,8.95000000
1309125002,16.40000000,83.56000000
1309125003,16.40000000,5.00000000
1309125004,16.40000000,1.00000000
1309125004,16.40100000,0.35790000
1309125004,16.40000000,19.64210000
1309125121,16.40000000,2.75616678
1309125121,16.41999000,0.10000000
1309125121,16.49000000,1.68930000
1309125122,16.48000000,1.00000000
1309125123,16.49000000,9.00000000
1309125180,16.45000000,1.32050000
1309125181,16.41000000,1.00000000
1309125181,16.41000000,2.40000000
1309125181,16.45000000,1.00000000
1309125181,16.41000000,1.00000000
1309125182,16.41000000,0.05006159
1309125240,16.45000000,0.97060000
1309125240,16.41000000,10.00000000
1309125240,16.45000000,9.00000000
1309125240,16.41000000,2.80000000
1309125240,16.41000000,3.74993841
1309125240,16.41000000,1.01490000
1309125300,16.45000000,1.45530000
1309125300,16.41000000,1.00000000
1309125300,16.45000000,0.37430000
1309125300,16.41000000,0.42570000
1309125300,16.40998000,1.00000000
1309125300,16.40000000,25.60463322
1309125300,16.40000000,1.00000000
1309125301,16.40000000,21.96966678
1309125301,16.45000000,5.87930000
1309125360,16.40000000,1.52330000
1309125360,16.40000000,0.37000000
1309125361,16.39999000,1.00000000
1309125361,16.39999000,0.79180000
1309125421,16.39999000,1.11650000
1309125481,16.39999000,0.22500000
1309125481,16.32200000,0.29376715
1309125481,16.39999000,6.00000000
1309125481,16.32200000,1.00000000
1309125482,16.39999000,0.86670000
1309125482,16.40000000,0.75183536
1309125482,16.32200000,4.12000000
1309125482,16.32200000,1.99400000
1309125482,16.40000000,1.00000000
1309125542,16.32200000,0.26808563
1309125543,16.39999000,0.00100000
1309125543,16.39999000,0.91000000
1309125600,16.32200000,0.13404282
1309125601,16.40000000,0.37650000
1309125601,16.40000000,95.97836464
1309125601,16.41000000,0.13404281
1309125601,16.44500000,1.00000000
1309125601,16.47700000,2.88759255
1309125604,16.32200000,5.00000000
1309125604,16.32200000,1.00000000
1309125605,16.40001000,3.50000000
1309125605,16.47700000,20.00000000
1309125605,16.40001000,5.10586227
1309125661,16.40001000,0.60000000
1309125662,16.40001000,2.79413773
1309125721,16.40001000,1.98950000
1309125780,16.40001000,11.00000000
1309125781,16.47000000,0.10000000
1309125781,16.40001000,20.00000000
1309125840,16.40001000,5.00000000
1309125841,16.41000000,0.80000000
1309125900,16.45000000,5.00000000
1309125901,16.41000000,10.00000000
1309125901,16.41000000,1.00000000
1309125901,16.41000000,1.54600000
1309125901,16.41000000,0.20250000
1309125960,16.45000000,0.60150000
1309125960,16.41000000,34.09000000
1309125961,16.41000000,15.75000000
1309125961,16.45000000,4.39850000
1309126020,16.46600000,0.08684562
1309126020,16.46600000,1.00000000
1309126020,16.44500000,1.00000000
1309126080,16.41500000,1.00000000
1309126080,16.41000000,4.53200000
1309126081,16.45000000,0.10586227
1309126081,16.45001000,2.18400000
1309126081,16.45001000,2.70000000
1309126081,16.45001000,1.00000000
1309126141,16.45001000,3.02000000
1309126141,16.45001000,5.00000000
1309126141,16.46500000,1.00000000
1309126141,16.46600000,1.73320782
1309126141,16.45001000,1.00000000
1309126141,16.45001000,3.09261052
1309126200,16.45001000,1.89752721
1309126200,16.41000000,8.00247279
1309126260,16.45000000,0.01400000
1309126320,16.45000000,0.50600000
1309126320,16.45000000,9.48000000
1309126320,16.45000000,5.00000000
1309126320,16.45001000,0.35848942
1309126321,16.45001000,1.00000000
1309126380,16.45001000,5.00000000
1309126380,16.45001000,19.75000000
1309126440,16.45001000,20.00000000
1309126440,16.45001000,10.00000000
1309126440,16.45001000,1.38000000
1309126440,16.45001000,10.00000000
1309126440,16.45001000,10.00000000
1309126501,16.45001000,2.00000000
1309126501,16.45001000,21.48883876
1309126501,16.46600000,0.10300000
1309126502,16.45001000,2.00000000
1309126502,16.46600000,0.08000000
1309126560,16.45001000,3.79400000
1309126560,16.45001000,128.74867182
1309126561,16.45000000,20.00000000
1309126561,16.41500000,2.18900000
1309126561,16.41000000,6.12900000
1309126561,16.44990000,6.07300000
1309126620,16.44990000,64.60000000
1309126620,16.44990000,7.00000000
1309126620,16.44990000,2.00000000
1309126620,16.41000000,1.64920000
1309126620,16.40100000,11.35080000
1309126680,16.44990000,0.01764448
1309126741,16.44550000,0.10000000
1309126741,16.44500000,0.86900000
1309126742,16.40200000,1.00000000
1309126742,16.40200000,0.03000000
1309126801,16.40200000,2.97000000
1309126801,16.40100000,5.03000000
1309126801,16.40100000,2.61920000
1309126801,16.40099000,5.00000000
1309126802,16.40099000,12.80000000
1309126861,16.40020000,5.00000000
1309126861,16.40000000,20.00000000
1309126921,16.38000000,10.00000000
1309126922,16.32100000,0.10000000
1309126922,16.40000000,0.89209800
1309126980,16.32200000,0.10000000
1309126981,16.32200000,0.27516159
1309127040,16.40000000,0.60000000
1309127040,16.40000000,0.03300000
1309127040,16.32200000,0.10000000
1309127040,16.39700000,40.00000000
1309127100,16.39500000,1.00000000
1309127100,16.39700000,0.80000000
1309127160,16.32200000,3.00000000
1309127160,16.32200000,7.52483841
1309127161,16.32300000,1.00000000
1309127161,16.32199000,3.05000000
1309127161,16.38000000,3.50000000
1309127161,16.39700000,5.45000000
1309127282,16.32200000,1.00000000
1309127282,16.39500000,0.06880000
1309127283,16.32100000,0.86000000
1309127283,16.31100000,0.74000000
1309127283,16.31100000,1.00000000
1309127341,16.31100000,1.00000000
1309127341,16.31100000,7.26000000
1309127342,16.30000000,0.10000000
1309127342,16.20200000,6.00000000
1309127342,16.20000000,1.00000000
1309127401,16.20000000,2.90000000
1309127401,16.31000000,1.84138900
1309127401,16.31099000,1.00000000
1309127401,16.39600000,1.00000000
1309127401,16.39700000,3.29861100
1309127402,16.21000000,0.10000000
1309127402,16.12360000,5.36300000
1309127460,16.12360000,2.45900000
1309127460,16.12360000,10.73980000
1309127460,16.12360000,4.03000000
1309127520,16.39600000,1.00000000
1309127520,16.39700000,0.22138900
1309127520,16.39701000,1.22861100
1309127520,16.20000000,0.90000000
1309127520,16.12400000,1.00000000
1309127520,16.12360000,13.40820000
1309127521,16.12346000,1.00000000
1309127521,16.11110000,1.00000000
1309127521,16.11100000,0.70000000
1309127521,16.11000000,10.00000000
1309127586,16.10359000,0.12500000
1309127586,16.10359000,2.00000000
1309127586,16.10359000,10.00000000
1309127587,16.10010000,5.81000000
1309127640,16.10359000,20.49116252
1309127640,16.10010000,4.19000000
1309127641,16.10009000,1.00000000
1309127702,16.10009000,33.81000000
1309127702,16.10359000,38.14702648
1309127702,16.13000000,16.45000000
1309127703,16.13000000,1.59297352
1309127703,16.10000000,0.40902648
1309127703,16.10000000,0.18360700
1309127761,16.10010000,0.37000000
1309127761,16.10000000,0.10000000
1309127761,16.39600000,2.00000000
1309127761,16.40000000,1.00000000
1309127761,16.40099000,4.08652160
1309127762,16.10359000,0.10990000
1309127762,16.10009000,0.06250000
1309127763,16.10009000,0.82760000
1309127763,16.15000000,0.23458737
1309127829,16.15000000,10.00000000
1309127830,16.15000000,63.93781263
1309127830,16.10600000,0.18340000
1309127830,16.10000000,1.62393050
1309127830,16.10000000,1.00000000
1309127830,16.10000000,10.00000000
1309127830,16.10000000,2.00000000
1309127830,16.08000000,2.00000000
1309127830,16.05000000,1.00000000
1309127830,16.01500000,5.00000000
1309127830,16.01000000,10.00000000
1309127830,16.01000000,8.43260000
1309127830,16.00100000,1.03225687
1309127889,16.17000000,2.00000000
1309127889,16.16000000,2.00000000
1309128001,16.15000000,5.00600000
1309128001,16.15000000,4.99400000
1309128001,16.16000000,0.21890000
1309128001,16.16000000,14.10000000
1309128001,16.15001000,2.89300000
1309128060,16.16000000,11.40000000
1309128060,16.16000000,34.00000000
1309128060,16.16000000,0.18940000
1309128061,16.15001000,2.00000000
1309128120,16.15001000,3.00800000
1309128120,16.16000000,2.00000000
1309128120,16.15001000,5.00000000
1309128180,16.16000000,1.00000000
1309128180,16.15001000,1.00000000
1309128180,16.15001000,10.00000000
1309128240,16.16000000,1.00000000
1309128240,16.15001000,0.00900000
1309128240,16.15001000,4.00600000
1309128241,16.16000000,0.10000000
1309128300,16.15001000,14.00000000
1309128300,16.15001000,3.00000000
1309128300,16.16000000,7.00000000
1309128360,16.15001000,4.50000000
1309128360,16.15049000,0.10000000
1309128360,16.15001000,4.90000000
1309128360,16.15001000,0.50000000
1309128360,16.15400000,0.23000000
1309128360,16.15001000,0.69790000
1309128360,16.15400000,2.00000000
1309128420,16.15001000,5.70800000
1309128420,16.15001000,1.00000000
1309128420,16.15400000,2.77000000
1309128420,16.15401000,1.43000000
1309128420,16.15049000,0.10000000
1309128420,16.15001000,0.47000000
1309128481,16.15401000,0.20000000
1309128481,16.16000000,0.10000000
1309128481,16.16000000,25.00000000
1309128482,16.16000000,4.57049504
1309128482,16.16000000,0.50000000
1309128482,16.16000000,1.00000000
1309128541,16.15001000,10.06400000
1309128542,16.16000000,1.00000000
1309128542,16.16000000,2.20000000
1309128600,16.15401000,6.36200000
1309128600,16.16000000,0.34910000
1309128660,16.16000000,250.00000000
1309128660,16.15400000,2.00000000
1309128720,16.15400000,10.00000000
1309128720,16.16000000,30.84516089
1309128720,16.16000000,5.00000000
1309128720,16.15001000,4.21200000
1309128780,16.16000000,1.50000000
1309128780,16.15001000,5.00000000
1309128781,16.15001000,4.00000000
1309128781,16.15049000,0.10000000
1309128781,16.16000000,102.92694407
1309128840,16.16000000,47.07305593
1309128840,16.15410000,0.23750000
1309128840,16.15001000,14.03210000
1309128840,16.15000000,5.00000000
1309128840,16.10000000,0.70534407
1309128840,16.10000000,0.29465593
1309128840,16.05000000,0.00534407
1309128901,16.15049000,0.10000000
1309128902,16.15000000,0.90000000
1309128902,16.34000000,2.00000000
1309128902,16.34001000,1.00000000
1309128963,16.34001000,5.00000000
1309128963,16.34001000,0.20000000
1309128963,16.34001000,2.69600000
1309128963,16.34001000,0.89209800
1309129020,16.34001000,0.69800000
1309129020,16.34001000,1.50000000
1309129020,16.34001000,0.20000000
1309129020,16.34001000,10.00000000
1309129020,16.34001000,3.53000000
1309129020,16.34001000,3.22100000
1309129081,16.34001000,1.28220200
1309129081,16.40000000,8.12000000
1309129081,16.40000000,5.00000000
1309129261,16.34001000,0.17340000
1309129261,16.34000000,0.11230000
1309129320,16.16000000,2.00000000
1309129320,16.34000000,10.00000000
1309129321,16.34000000,0.03125000
1309129380,16.17000000,0.10000000
1309129440,16.17100000,20.00400000
1309129440,16.33500000,0.07431772
1309129440,16.33500000,1.92568228
1309129500,16.17100000,10.65779800
1309129500,16.34000000,0.01565000
1309129501,16.34000000,4.66740000
1309129560,16.34001000,0.20000000
1309129560,16.34001000,4.38000000
1309129561,16.38000000,1.00000000
1309129561,16.38000000,3.00000000
1309129561,16.39000000,2.30000000
1309129680,16.39000000,0.16530000
1309129680,16.38000000,2.70000000
1309129680,16.36049000,0.10000000
1309129681,16.34080000,0.30030000
1309129681,16.34001000,20.75260000
1309129681,16.34001000,1.22000000
1309129681,16.25000000,3.02740000
1309129681,16.34000000,1.00000000
1309129681,16.34080000,0.25608342
1309129741,16.36049000,0.10000000
1309129741,16.34090000,0.90000000
1309129741,16.34090000,15.00000000
1309129802,16.34090000,1.04000000
1309129802,16.34090000,8.00000000
1309129803,16.34090000,1.00000000
1309129803,16.34090000,12.09970000
1309129803,16.34090000,1.00000000
1309129803,16.34090000,10.69900000
1309129860,16.20000000,1.00000000
1309129860,16.17110000,0.12000000
1309129860,16.39000000,1.00000000
1309129921,16.34100000,0.92000000
1309129921,16.34100000,1.08000000
1309129922,16.34001000,0.19260000
1309129980,16.17120000,2.25000000
1309129980,16.17120000,0.10400000
1309129980,16.34089000,0.21080000
1309130040,16.34089000,5.76920000
1309130040,16.34099000,0.95000000
1309130040,16.34100000,0.12383105
1309130040,16.39000000,6.15001342
1309130040,16.34089000,0.10230000
1309130040,16.17120000,2.29770000
1309130041,16.17120000,5.34830000
1309130041,16.17110000,1.65170000
1309130041,16.17200000,2.00000000
1309130102,16.17120000,0.24770000
1309130161,16.17130000,1.00000000
1309130162,16.17110000,4.00000000
1309130220,16.34000000,2.00000000
1309130220,16.34099000,8.00000000
1309130220,16.22000000,4.00000000
1309130220,16.22000000,0.00900000
1309130340,16.22000000,0.80000000
1309130340,16.34089000,0.13900000
1309130340,16.22000000,0.86100000
1309130400,16.34000000,3.00000000
1309130400,16.34099000,2.00000000
1309130460,16.34099000,0.33670000
1309130460,16.34001000,0.00100000
1309130460,16.34099000,5.69735676
1309130520,16.34099000,33.96594324
1309130520,16.39750000,12.00000000
1309130520,16.39800000,2.50000000
1309130520,16.40000000,6.00000000
1309130520,16.40000000,25.00000000
1309130520,16.40000000,1.00000000
1309130520,16.40000000,23.70000000
1309130520,16.34100000,22.03405676
1309130521,16.34100000,4.26594324
1309130580,16.34100000,0.98500000
1309130581,16.34100000,3.92805676
1309130581,16.34001000,9.99900000
1309130581,16.34001000,0.19240000
1309130581,16.34100000,9.54100000
1309130581,16.40500000,0.00036269
1309130582,16.34100000,1.80140000
1309130582,16.34100000,2.75100000
1309130640,16.40500000,3.65742151
1309130640,16.34100000,1.00000000
1309130700,16.36049000,0.19999999
1309130700,16.37000000,1.30000001
1309130700,16.34100000,17.29460000
1309130700,16.34099000,0.28900000
1309130760,16.40000000,0.06000000
1309130760,16.22500000,0.59699999
1309130820,16.40500000,26.34221580
1309130820,16.40501000,6.21000000
1309130820,16.40501000,62.00000000
1309130880,16.40501000,5.00000000
1309130880,16.40501000,2.00000000
1309130881,16.40501000,3.00000000
1309130881,16.40501000,6.00000000
1309130940,16.40501000,102.00000000
1309130940,16.40501000,2.00000000
1309130940,16.40501000,10.17799999
1309130940,16.40501000,5.00000000
1309130940,16.40501000,49.00000000
1309130940,16.40501000,4.21400000
1309130940,16.40501000,3.30000000
1309130940,16.40501000,4.00000000
1309131001,16.40501000,1.00000000
1309131001,16.40501000,3.00000000
1309131060,16.40501000,4.00000000
1309131120,16.40510000,0.11010000
1309131120,16.40501000,1.27990000
1309131120,16.41000000,0.06311925
1309131120,16.41000000,1.02000000
1309131120,16.41000000,0.40000000
1309131120,16.41000000,0.59000000
1309131120,16.41000000,3.00000000
1309131180,16.41000000,0.16280000
1309131180,16.40501000,4.43719999
1309131240,16.40520000,5.00000000
1309131240,16.40501000,1.03868422
1309131240,16.40501000,0.03000000
1309131240,16.40501000,0.33000000
1309131240,16.35000000,4.00000000
1309131240,16.23020000,2.40000000
1309131240,16.23010000,7.20131578
1309131240,16.46600000,0.08500000
1309131300,16.40500000,0.34250000
1309131360,16.41000000,2.00000000
1309131360,16.46000000,2.94210001
1309131420,16.40549000,0.10000000
1309131420,16.23010000,12.79868422
1309131420,16.23000000,30.00000000
1309131420,16.22000000,15.86781578
1309131481,16.40549000,0.10000000
1309131481,16.35000000,1.90000000
1309131481,16.35000000,2.69999000
1309131481,16.23020000,0.10000000
1309131481,16.22300000,2.00000000
1309131540,16.23200000,2.00000000
1309131540,16.40548000,0.29690000
1309131540,16.23200000,7.86600000
1309131601,16.40549000,0.19999998
1309131601,16.30000000,1.99400000
1309131660,16.40549000,0.10000000
1309131720,16.30000000,0.00600000
1309131780,16.45000000,1.40000000
1309131780,16.45000000,1.70000000
1309131840,16.45001000,3.27000000
1309131840,16.45001000,0.10000003
1309131840,16.45001000,8.12200000
1309131900,16.45001000,0.19339998
1309131900,16.45001000,8.00000000
1309131901,16.45001000,1.21459999
1309131901,16.45001000,4.67194325
1309131901,16.45001000,0.10000000
1309131901,16.45001000,5.00000000
1309131960,16.45500000,1.00000000
1309131961,16.45501000,2.28000000
1309131961,16.45001000,2.41805675
1309131961,16.45000000,3.27000182
1309132080,16.45000000,0.33880000
1309132080,16.30001000,3.00000000
1309132081,16.45000000,0.39119818
1309132081,16.45000000,1.00000000
1309132140,16.45990000,5.09643375
1309132140,16.45990000,10.00000000
1309132200,16.45000000,0.22880000
1309132200,16.25501000,1.36120000
1309132200,16.45980000,2.00000000
1309132200,16.45980000,5.00000000
1309132201,16.30000000,1.00000000
1309132260,16.45980000,5.00000000
1309132260,16.45980000,3.07000000
1309132261,16.45980000,1.00000000
1309132320,16.45980000,10.00000000
1309132320,16.30000000,1.99100000
1309132320,16.30000000,9.29870000
1309132320,16.45980000,1.20000000
1309132320,16.30100000,1.90000000
1309132320,16.29999000,0.10000000
1309132380,16.25501000,2.54000000
1309132440,16.25501000,6.09880000
1309132440,16.25501000,0.28430000
1309132440,16.45000000,0.10000000
1309132440,16.40000000,1.00000000
1309132441,16.40000000,8.52500000
1309132500,16.40000000,0.47500000
1309132500,16.26000000,3.00000000
1309132500,16.25502000,2.00000000
1309132500,16.45000000,0.15630000
1309132500,16.45000000,1.10000000
1309132560,16.25502000,1.16000000
1309132560,16.45000000,0.01515136
1309132561,16.25900000,1.01200000
1309132561,16.25502000,4.60490000
1309132621,16.45000000,0.20870000
1309132681,16.25502000,0.23510000
1309132743,16.45000000,1.41984864
1309132743,16.45000000,2.00000000
1309132744,16.45001000,0.52450000
1309132744,16.45001000,7.00000000
1309132800,16.45001000,3.83598735
1309132800,16.45001000,1.15300000
1309132860,16.45548000,0.30000000
1309132860,16.45549000,0.19999980
1309132860,16.45549000,0.91200000
1309132860,16.45549000,0.12008553
1309132860,16.45549000,1.22000000
1309132860,16.45549000,15.24791467
1309132860,16.45001000,4.75208533
1309132920,16.45001000,20.00000000
1309132920,16.45549000,0.00534407
1309132981,16.45549000,1.00000000
1309133040,16.45549000,1.00000000
1309133041,16.45549000,2.24465593
1309133101,16.45100000,0.34700000
1309133101,16.45001000,4.15290000
1309133101,16.45548000,5.00000000
1309133101,16.45548000,15.00000000
1309133101,16.45548000,0.32620000
1309133161,16.45001000,15.16167868
1309133220,16.45500000,0.10390000
1309133220,16.40000000,0.10000000
1309133281,16.45000000,2.00000000
1309133281,16.45500000,1.89610000
1309133281,16.45548000,6.10390000
1309133340,16.28000000,2.00000000
1309133400,16.39999000,0.10140000
1309133460,16.28010000,3.50000000
1309133460,16.28010000,4.01300000
1309133520,16.34000000,1.00000000
1309133520,16.30000000,5.10000000
1309133520,16.28010000,1.08600000
1309133520,16.39999000,0.07000000
1309133640,16.28200000,0.30000000
1309133640,16.39000000,1.50000000
1309133640,16.39000000,0.50000000
1309133701,16.39001000,1.33000000
1309133701,16.39001000,5.00000000
1309133761,16.39001000,5.36000000
1309133762,16.29000000,2.00000000
1309133762,16.28200000,0.62100000
1309133881,16.39000000,0.29540000
1309133881,16.28100000,2.00000000
1309133940,16.28340000,0.12710000
1309133940,16.30000000,10.00000000
1309133940,16.30000000,0.10230000
1309133941,16.30000000,0.89429100
1309134060,16.29222000,1.84740883
1309134060,16.30000000,5.70800900
1309134060,16.30001000,8.00458217
1309134060,16.28000000,1.99541783
1309134120,16.28000000,4.00458217
1309134120,16.27000000,4.23200000
1309134121,16.28400000,0.13920000
1309134180,16.27000000,0.22030000
1309134240,16.25000000,0.89429100
1309134240,16.25000000,8.40000000
1309134240,16.25000000,0.46190000
1309134240,16.25000000,5.60800000
1309134301,16.25000000,1.41000000
1309134302,16.25000000,3.22580900
1309134302,16.25000000,1.50000000
1309134302,16.26999000,0.25230000
1309134361,16.26999000,1.74067716
1309134422,16.25000000,0.47000000
1309134422,16.25000000,4.53000000
1309134422,16.25000000,0.15310000
1309134422,16.23000000,2.01000000
1309134422,16.22200000,1.24650000
1309134422,16.22100000,2.00000000
1309134422,16.22000000,28.46218422
1309134480,16.25000000,0.01800000
1309134541,16.20000000,6.46000000
1309134541,16.20000000,0.50000000
1309134600,16.23000000,0.37940000
1309134601,16.20000000,3.04000000
1309134601,16.20000000,9.00000000
1309134601,16.20000000,1.00000000
1309134601,16.25000000,0.29890000
1309134660,16.25001000,1.70110000
1309134660,16.23000000,5.00000000
1309134660,16.21000000,0.08640000
1309134720,16.24990000,3.07700000
1309134780,16.24990000,3.08300000
1309134780,16.26999000,6.91700000
1309134780,16.26999000,4.77200000
1309134780,16.25000000,1.49000000
1309134780,16.21000000,1.91360000
1309134780,16.21000000,4.00000000
1309134841,16.21000000,1.13000000
1309134841,16.24000000,0.50000000
1309134901,16.17010000,20.00000000
1309134902,16.20999000,0.00043183
1309134902,16.20999000,1.99956817
1309134902,16.26999000,1.09772284
1309134902,16.34000000,2.00000000
1309134902,16.34500000,0.10270899
1309134961,16.18000000,0.11700000
1309135020,16.15000000,1.56900000
1309135020,16.15000000,7.53100000
1309135020,16.15000000,4.30000000
1309135020,16.18000000,0.89816300
1309135081,16.18000000,0.20730000
1309135081,16.18000000,0.77753700
1309135140,16.12345000,6.00000000
1309135200,16.18001000,3.00000000
1309135200,16.12400000,47.00000000
1309135200,16.14300000,0.28680000
1309135200,16.12400000,1.71320000
1309135200,16.12400000,10.68000000
1309135260,16.20000000,13.00000000
1309135260,16.20000000,0.25960000
1309135260,16.19000000,0.92100000
1309135260,16.20000000,0.07900000
1309135261,16.12400000,1.00000000
1309135320,16.20000000,0.06000000
1309135320,16.20000000,1.24873271
1309135380,16.20000000,0.06000000
1309135380,16.12400000,0.22941783
1309135380,16.12500000,0.93000000
1309135380,16.12500000,1.88000000
1309135381,16.18000000,0.50000000
1309135381,16.12500000,1.12000000
1309135381,16.12400000,11.46750000
1309135381,16.19500000,0.21740000
1309135381,16.13000000,0.39700000
1309135381,16.12400000,27.90988217
1309135381,16.12000000,1.00000000
1309135381,16.10010000,1.00000000
1309135381,16.10000000,3.00000000
1309135381,16.02510000,23.78063943
1309135440,16.12400000,0.35000000
1309135440,16.02510000,1.15000000
1309135502,16.02510000,1.73000000
1309135561,16.19000000,0.93000000
1309135621,16.19001000,0.07000000
1309135621,16.19000000,0.06000000
1309135621,16.03000000,0.69330000
1309135621,16.03000000,0.17670000
1309135621,16.03000000,1.00000000
1309135622,16.03200000,0.02000000
1309135622,16.03200000,0.91900000
1309135622,16.03000000,4.82330000
1309135680,16.19500000,0.32050000
1309135740,16.19500000,0.17931000
1309135740,16.02900000,0.24430000
1309135740,16.02899000,0.28910000
1309135740,16.02899000,12.62660000
1309135740,16.03000000,4.51000000
1309135740,16.03000000,10.08000000
1309135740,16.03500000,0.94800000
1309135740,16.03000000,4.98070000
1309135800,16.19000000,0.18869000
1309135800,16.19000000,0.75031000
1309135800,16.19500000,0.72969000
1309135800,16.03000000,1.57000000
1309135800,16.19500000,0.02076505
1309135801,16.05000000,1.00000000
1309135801,16.03000000,1.44000000
1309135801,16.19500000,1.00000000
1309135801,16.10000000,1.26000000
1309135860,16.19000000,0.11880000
1309135860,16.10000000,1.38120000
1309135860,16.11000000,1.00000000
1309135860,16.18900000,0.19410000
1309135861,16.11000000,2.00000000
1309135861,16.10000000,7.44400000
1309135920,16.10000000,3.00000000
1309136040,16.10000000,14.10400000
1309136040,16.18900000,0.22950000
1309136160,16.10010000,0.03100000
1309136160,16.10010000,0.92250000
1309136160,16.10000000,0.07750000
1309136220,16.18000000,11.52858096
1309136280,16.10100000,0.39700000
1309136280,16.10100000,2.00000000
1309136280,16.10000000,3.73330000
1309136280,16.10000000,0.28940000
1309136280,16.10000000,0.57000000
1309136280,16.10000000,9.72310000
1309136400,16.18000000,0.21350000
1309136400,16.18000000,0.11100000
1309136400,16.10000000,0.27690000
1309136400,16.10000000,1.93209380
1309136580,16.10000000,2.06790620
1309136580,16.10000000,0.25830000
1309136580,16.09999000,2.00000000
1309136580,16.09999000,0.13160000
1309136640,16.09999000,9.00000000
1309136640,16.08000000,0.15000000
1309136640,16.05000000,1.85000000
1309136640,16.09999000,0.06150000
1309136700,16.09999000,0.26980000
1309136880,16.07999000,0.14430000
1309136880,16.07999000,0.38770000
1309136880,16.08000000,0.61230000
1309136881,16.04000000,10.00000000
1309136881,16.03500000,2.00000000
1309136940,16.03500000,3.00000000
1309136940,16.03001000,1.05200000
1309136940,16.07998000,0.00012562
1309137001,16.07998000,0.99987438
1309137001,16.07998000,0.19990000
1309137001,16.09999000,6.21089380
1309137001,16.10000000,2.58933182
1309137001,16.07999000,0.55000000
1309137001,16.08000000,1.00000000
1309137001,16.08000000,6.05000000
1309137001,16.03500000,2.00000000
1309137121,16.07999000,0.90000000
1309137121,16.03001000,11.94800000
1309137121,16.03000000,64.79270000
1309137121,16.02345000,15.00000000
1309137121,16.02010000,9.00000000
1309137121,16.02000000,1.90000000
1309137121,16.01020000,0.10000000
1309137121,16.01000000,0.10000000
1309137121,16.00111000,0.40000000
1309137121,16.00110000,10.00000000
1309137121,16.00100000,43.17130000
1309137121,16.00100000,5.79644313
1309137121,16.00100000,1.00000000
1309137121,16.00100000,6.72435822
1309137122,16.17000000,3.23000000
1309137181,16.16000000,2.00000000
1309137181,16.17000000,1.66502721
1309137240,16.10000000,1.00000000
1309137240,16.05000000,3.00000000
1309137301,16.05000000,1.03733107
1309137360,16.15990000,0.38436666
1309137361,16.16900000,1.95350000
1309137361,16.16901000,0.66213334
1309137361,16.15000000,0.81786666
1309137361,16.15000000,1.23990000
1309137361,16.17000000,12.48429182
1309137361,16.20000000,35.29266729
1309137361,16.20000000,3.00000000
1309137361,16.25000000,1.00000000
1309137361,16.34500000,8.83304089
1309137481,16.15000000,10.94000000
1309137482,16.34500000,22.39425012
1309137482,16.38900000,1.90000000
1309137482,16.39999000,6.75860000
1309137482,16.40000000,5.00000000
1309137482,16.42500000,0.96000000
1309137482,16.43000000,2.00000000
1309137482,16.44700000,10.00000000
1309137482,16.45000000,2.00000000
1309137482,16.45000000,23.00000000
1309137482,16.45980000,22.73000000
1309137482,16.46000000,1.00000000
1309137482,16.46600000,6.91194656
1309137482,16.49999000,4.63585075
1309137482,16.49999000,0.42452150
1309137482,16.49999000,1.00000000
1309137482,16.49999000,20.94000000
1309137482,16.50000000,0.50000000
1309137483,16.50000000,3.00000000
1309137483,16.50000000,4.00000000
1309137483,16.50000000,5.00000000
1309137483,16.50000000,20.64000000
1309137483,16.50000000,15.20483107
1309137540,16.34000000,2.00000000
1309137540,16.50000000,0.15000000
1309137540,16.15990000,0.18300000
1309137540,16.15000000,4.86700000
1309137661,16.34501000,6.00000000
1309137780,16.34500000,0.10000000
1309137780,16.34500000,9.04000000
1309137840,16.30000000,0.29190000
1309137901,16.25830000,6.73000000
1309137901,16.25830000,5.00000000
1309137901,16.25830000,1.00000000
1309137960,16.30000000,0.70810000
1309137960,16.34500000,13.86000000
1309137960,16.45000000,2.99100000
1309137960,16.49000000,1.15000000
1309137960,16.50000000,77.99738303
1309138140,16.44000000,0.23760000
1309138201,16.44000000,1.00000000
1309138201,16.40000000,32.90300000
1309138201,16.40000000,0.89816300
1309138201,16.40000000,2.25000000
1309138260,16.44000000,16.84240000
1309138260,16.45000000,2.41066818
1309138260,16.50000000,6.64778590
1309138260,16.50000000,0.67000000
1309138260,16.50000000,2.00000000
1309138260,16.50000000,2.00000000
1309138260,16.50000000,1.00000000
1309138260,16.50000000,0.20000000
1309138260,16.50000000,5.00000000
1309138260,16.50000000,3.98000000
1309138260,16.50000000,0.07000000
1309138260,16.50000000,1.00000000
1309138260,16.50000000,1.00000000
1309138260,16.50000000,1.00000000
1309138261,16.50000000,2.20000000
1309138261,16.50000000,22.72398242
1309138261,16.39999000,1.00000000
1309138261,16.44001000,0.05000000
1309138320,16.44001000,0.01000000
1309138320,16.50000000,20.00000000
1309138320,16.44001000,6.00000000
1309138320,16.44001000,1.84445000
1309138381,16.44001000,5.00000000
1309138381,16.50000000,5.00000000
1309138381,16.50000000,10.00000000
1309138441,16.50000000,0.19170000
1309138441,16.44001000,1.99400000
1309138441,16.44001000,0.49000000
1309138501,16.44001000,12.46155000
1309138501,16.40010000,47.53845000
1309138501,16.44000000,0.18890000
1309138561,16.44000000,2.91110000
1309138561,16.49800000,40.00000000
1309138561,16.50000000,42.08431758
1309138561,16.50000000,1.00000000
1309138561,16.50000000,10.00000000
1309138561,16.50000000,10.00000000
1309138561,16.50000000,5.10000000
1309138620,16.50001000,1.00000000
1309138680,16.50001000,8.00000000
1309138680,16.50001000,30.06900000
1309138680,16.50001000,3.06000000
1309138681,16.50001000,20.00000000
1309138681,16.50001000,2.00000000
1309138681,16.50001000,0.10000000
1309138681,16.50001000,3.98200000
1309138741,16.50001000,0.20000000
1309138741,16.50001000,2.00000000
1309138800,16.50900000,0.50000000
1309138800,16.50001000,2.00000000
1309138860,16.50901000,0.10000000
1309138860,16.50010000,0.43340000
1309138860,16.50001000,31.40468242
1309138860,16.50001000,3.00000000
1309138920,16.50000000,2.20000000
1309138921,16.50000000,13.39531758
1309138921,16.50010000,103.46660000
1309138921,16.51000000,67.33555602
1309138921,16.45000000,0.10000000
1309138980,16.50001000,1.00000000
1309138980,16.50001000,5.00000000
1309138980,16.51000000,103.93769170
1309138980,16.51000000,101.00000000
1309138980,16.50001000,2.00000000
1309139040,16.51000000,8.00000000
1309139040,16.50001000,11.49399522
1309139041,16.51000000,18.72675228
1309139041,16.51001000,1.06000000
1309139101,16.54240000,0.01100000
1309139161,16.54240000,0.02400000
1309139220,16.54240000,2.36781059
1309139220,16.54240000,0.01000000
1309139220,16.53000000,0.02900000
1309139220,16.53000000,1.87100000
1309139280,16.53000000,2.90000000
1309139280,16.54240000,0.42718941
1309139340,16.58250000,1.20610000
1309139340,16.59000000,1.00000000
1309139340,16.60000000,5.79390000
1309139340,16.53000000,3.00000000
1309139340,16.54241000,3.00000000
1309139340,16.53000000,2.90900000
1309139341,16.60000000,1.20610000
1309139341,16.60000000,62.66238975
1309139341,16.53000000,0.61130000
1309139400,16.58251000,1.20900000
1309139460,16.58251000,0.89100000
1309139460,16.53010000,0.10000000
1309139460,16.53000000,1.11060000
1309139460,16.58250000,1.10900000
1309139460,16.60000000,1.62100000
1309139521,16.64009000,0.01000000
1309139521,16.53500000,6.00000000
1309139581,16.64009000,0.99000000
1309139581,16.64010000,0.41000000
1309139581,16.53750000,1.59000000
1309139700,16.66600000,1.00000000
1309139700,16.67000000,1.00000000
1309139700,16.67000000,6.00000000
1309139700,16.67000000,0.53400000
1309139700,16.67000000,10.00000000
1309139700,16.69900000,0.88000000
1309139701,16.70000000,1.00000000
1309139701,16.71000000,3.00000000
1309139701,16.73000000,5.00000000
1309139701,16.73890000,35.00000000
1309139701,16.73900000,2.00000000
1309139701,16.74000000,16.88110215
1309139760,16.67000000,0.50000000
1309139760,16.67000000,1.32900100
1309139760,16.67000000,0.30000000
1309139760,16.67000000,0.30000000
1309139760,16.67000000,0.15000000
1309139821,16.73500000,1.59000000
1309139821,16.74000000,17.71889785
1309139821,16.74000000,1.00000000
1309139821,16.74880000,4.64446766
1309139882,16.74880000,0.90000000
1309139882,16.74880000,23.69053234
1309139941,16.74881000,2.00000000
1309139941,16.74890000,10.00000000
1309139941,16.74891000,7.00000000
1309139941,16.75000000,19.95000000
1309139941,16.75000000,4.22690000
1309140000,16.74881000,4.30946766
1309140000,16.74881000,1.00836357
1309140000,16.74881000,2.90000000
1309140000,16.74880000,1.00000000
1309140000,16.74880000,0.04400000
1309140001,16.74880000,40.73816877
1309140001,16.74900000,1.01770275
1309140001,16.75400000,1.00000000
1309140001,16.75880000,0.00019989
1309140061,16.75880000,0.99980011
1309140061,16.77900000,0.08513320
1309140120,16.76100000,10.00000000
1309140120,16.76100000,1.00000000
1309140120,16.77900000,4.91486680
1309140181,16.78000000,0.10000000
1309140181,16.78000000,0.09970000
1309140181,16.78900000,0.10000000
1309140242,16.76099000,0.00030000
1309140242,16.78900000,9.52939821
1309140242,16.78000000,1.00000000
1309140300,16.78900000,2.41360179
1309140300,16.80000000,2.50000000
1309140300,16.80000000,10.00000000
1309140300,16.80000000,11.63639821
1309140300,16.78000000,0.80000000
1309140300,16.78000000,4.00000000
1309140360,16.80000000,0.36360179
1309140360,16.80000000,1.90000000
1309140360,16.77999000,0.01000000
1309140360,16.77901000,4.00000000
1309140420,16.77999000,0.10030000
1309140420,16.77901000,0.68306166
1309140421,16.77999000,0.03800000
1309140421,16.77999000,0.10000000
1309140421,16.77901000,1.00000000
1309140481,16.77901000,7.21800000
1309140481,16.77999000,0.55170000
1309140540,16.77901000,4.33000000
1309140540,16.77901000,7.00000000
1309140600,16.84500000,0.00010000
1309140660,16.84500000,4.01760275
1309140660,16.84501000,4.12800000
1309140660,16.84900000,1.00000000
1309140660,16.85000000,1.00000000
1309140660,16.85000000,44.32051869
1309140720,16.85000000,0.02953115
1309140720,16.84501000,1.85439725
1309140780,16.84501000,2.82000000
1309140780,16.85000000,48.64995016
1309140840,16.85200000,0.55004490
1309140900,16.86290000,1.18600000
1309140900,16.87000000,0.10000000
1309140900,16.89000000,0.50000000
1309140900,16.89030000,0.28740000
1309140900,16.89130000,1.00000000
1309140900,16.89800000,3.00000000
1309140900,16.90000000,1.00000000
1309140900,16.90000000,44.11260000
1309140901,16.86291000,2.00000000
1309140901,16.86291000,5.60000000
1309140971,16.86291000,0.99700000
1309141020,16.86291000,2.00000000
1309141020,16.87000000,0.20000000
1309141080,16.90000000,20.00000000
1309141080,16.90000000,6.22897455
1309141200,16.89900000,0.50000000
1309141200,16.90000000,0.40000000
1309141200,16.87000000,1.80000000
1309141200,16.90000000,2.00000000
1309141200,16.86300000,1.00000000
1309141320,16.90000000,80.00000000
1309141320,16.89901000,2.27260000
1309141320,16.90000000,2.31000000
1309141380,16.90000000,1.00000000
1309141380,16.90000000,12.50000000
1309141380,16.90000000,31.44842545
1309141380,16.90000000,5.00000000
1309141380,16.90000000,10.00000000
1309141380,16.90000000,1.00000000
1309141380,16.90000000,2.00000000
1309141380,16.90000000,0.10000000
1309141380,16.90000000,50.45157455
1309141380,16.90001000,1.00000000
1309141440,16.90001000,2.40000000
1309141440,16.90001000,0.30000000
1309141440,16.91000000,3.00000000
1309141440,16.92000000,1.00000000
1309141440,16.93000000,1.00000000
1309141440,16.94240000,10.00000000
1309141440,16.94900000,4.00000000
1309141440,16.94990000,48.64995016
1309141440,16.95000000,151.31004984
1309141440,16.91001000,1.00000000
1309141500,16.95000000,5.00000000
1309141500,16.91001000,1.00000000
1309141500,16.91001000,0.45000000
1309141560,16.92000000,1.34000000
1309141560,16.94000000,5.00000000
1309141620,16.94000000,0.67000000
1309141620,16.93000000,5.00000000
1309141620,16.91999000,8.00000000
1309141740,16.95000000,1.00000000
1309141740,16.95000000,30.00000000
1309141740,16.94001000,1.30000000
1309141740,16.92000000,0.50000000
1309141740,16.90001000,7.20000000
1309141800,16.95000000,76.61453274
1309141800,16.92000000,0.36100000
1309141800,16.95000000,9.85000000
1309141861,16.95000000,0.42150000
1309141861,16.95000000,5.00000000
1309141920,16.92000000,3.34000000
1309141920,16.92000000,1.66000000
1309141920,16.90000000,1.30000000
1309141920,16.90000000,8.00000000
1309141920,16.90000000,5.06000000
1309141920,16.89901000,44.24845000
1309141920,16.94999000,5.00000000
1309141920,16.95000000,1.00000000
1309141980,16.95520000,2.81000000
1309141980,16.96000000,1.00000000
1309141980,16.97000000,1.00000000
1309141980,16.97900000,1.79035194
1309141980,16.98000000,30.00000000
1309141980,16.98000000,1.00000000
1309141980,16.98000000,1.00000000
1309141980,16.98000000,4.00000000
1309141980,16.98900000,5.00000000
1309141980,16.98999000,15.00000000
1309141980,16.98999000,0.45000000
1309141980,16.98999000,100.00000000
1309141981,16.99000000,1.00000000
1309141981,16.99000000,2.50000000
1309141981,16.99000000,1.99500000
1309141981,16.99990000,5.00000000
1309141981,16.99990000,1.00000000
1309141981,16.99990000,32.00000000
1309141981,16.99990000,1.00000000
1309141981,16.99999000,10.00000000
1309141981,16.99999000,30.00000000
1309141981,16.99999000,2.00000000
1309141981,16.99999000,0.88700000
1309141981,16.99999000,5.00000000
1309141981,16.99999000,2.29000000
1309141981,16.99999000,5.00000000
1309141981,16.99999000,1.00000000
1309141981,16.99999000,0.10000000
1309141981,17.00000000,1800.00000000
1309141981,17.00000000,50.00000000
1309141981,17.00000000,0.46000000
1309141981,17.00000000,10.00000000
1309141981,17.00000000,1.00000000
1309141981,17.00000000,5.00000000
1309141982,17.00000000,0.28100000
1309141982,17.00000000,3.00000000
1309141982,17.00000000,1.24000000
1309141982,17.00000000,0.20900000
1309141982,17.00000000,2.10000000
1309141982,17.00000000,25.00000000
1309141982,17.00000000,0.50000000
1309141982,17.00000000,0.10000000
1309141982,17.00000000,0.50000000
1309141982,17.00000000,7.14900000
1309141982,17.00000000,5.00000000
1309141982,17.00000000,1.00000000
1309141982,17.00000000,1.00000000
1309141982,17.00000000,1.00000000
1309141982,17.00000000,2.00000000
1309141982,17.00000000,1.00000000
1309141982,17.00000000,1.00000000
1309141982,17.00000000,2.00000000
1309141982,17.00000000,0.50000000
1309141983,17.00000000,9.80000000
1309141983,17.00000000,10.00000000
1309142040,17.00000000,10.00000000
1309142041,17.00000000,0.50000000
1309142041,17.00000000,1.99400000
1309142041,17.01560000,2.99500000
1309142042,17.01560000,24.80000000
1309142042,17.07000000,0.10000000
1309142042,17.07000000,1.74459636
1309142042,17.01560000,20.00000000
1309142101,17.01560000,10.41000000
1309142101,17.01560000,1.32601000
1309142101,17.07000000,50.00000000
1309142102,17.07000000,17.27035735
1309142102,17.07000000,35.00000000
1309142103,17.07000000,5.88504629
1309142103,17.08000000,3.11495371
1309142103,17.01560000,1.00000000
1309142103,17.01560000,13.00000000
1309142103,17.08000000,0.15517629
1309142160,17.08001000,10.81400000
1309142160,17.08001000,50.00000000
1309142161,17.08001000,0.10000000
1309142161,17.08001000,1.00000000
1309142161,17.08001000,6.00000000
1309142162,17.09000000,2.03000000
1309142162,17.09999000,1.40181427
1309142220,17.09001000,1.00000000
1309142220,17.08001000,1.00000000
1309142220,17.09999000,3.59818573
1309142220,17.10000000,1.00000000
1309142220,17.10000000,0.40181427
1309142220,17.10000000,9.59818573
1309142221,17.10000000,1.08000000
1309142281,17.10000000,7.18600000
1309142281,17.13000000,1.00000000
1309142281,17.15000000,1.00000000
1309142281,17.10000000,0.08564038
1309142281,17.10000000,1.00000000
1309142282,17.10000000,1.72835962
1309142282,17.10000000,8.27164038
1309142282,17.13000000,3.98800000
1309142282,17.13000000,10.00000000
1309142340,17.13050000,0.20000000
1309142340,17.13050000,1.80000000
1309142341,17.13050000,74.47000000
1309142341,17.13001000,1.00000000
1309142341,17.13000000,16.01200000
1309142341,17.10000000,11.28835962
1309142341,17.10000000,9.54682611
1309142400,17.13000000,1.00000000
1309142400,17.20000000,1.00000000
1309142400,17.20000000,2.99400000
1309142401,17.23410000,15.00000000
1309142401,17.25000000,3.70000000
1309142401,17.25000000,2.00000000
1309142401,17.25000000,1.00000000
1309142401,17.25000000,11.91800000
1309142402,17.27000000,5.00000000
1309142403,17.30000000,0.39500000
1309142403,17.30000000,1.00000000
1309142403,17.30000000,5.10500000
1309142403,17.25000000,2.68450000
1309142403,17.25000000,1.00000000
1309142405,17.25000000,3.90000000
1309142405,17.25000000,18.79750000
1309142405,17.25000000,29.29232905
1309142406,17.25000000,0.70767095
1309142406,17.20000000,0.38830000
1309142406,17.14710000,0.85987500
1309142406,17.13001000,20.04415405
1309142406,17.13001000,3.00000000
1309142461,17.15000000,0.04282019
1309142461,17.15000000,0.55717981
1309142461,17.15000000,0.44282019
1309142462,17.20000000,1.00000000
1309142520,17.30000000,1.00000000
1309142521,17.37910000,2.78000000
1309142521,17.38000000,10.00000000
1309142521,17.40000000,0.50000000
1309142521,17.40000000,0.30000000
1309142521,17.44800000,40.00000000
1309142521,17.45000000,5.00000000
1309142521,17.45009000,1.00000000
1309142521,17.48000000,2.00000000
1309142521,17.49000000,1.00000000
1309142521,17.49000000,1.00000000
1309142521,17.49900000,1.00000000
1309142521,17.49990000,4.00000000
1309142521,17.49990000,30.00000000
1309142521,17.50000000,1.00600000
1309142521,17.50000000,2.25922171
1309142580,17.30001000,0.00412524
1309142581,17.30001000,1.99587476
1309142581,17.30001000,9.00412524
1309142581,17.30001000,0.30000000
1309142582,17.40000000,0.85987500
1309142582,17.45000000,1.00000000
1309142583,17.40000000,0.19949880
1309142640,17.41000000,1.00000000
1309142640,17.30001000,19.00000000
1309142640,17.30001000,8.00000000
1309142641,17.50000000,2.74077829
1309142641,17.50000000,1.61200000
1309142641,17.50000000,2.30000000
1309142641,17.50000000,0.30000000
1309142641,17.50000000,2.51000000
1309142641,17.50000000,3.00000000
1309142641,17.50000000,1.00000000
1309142641,17.50000000,2.00000000
1309142641,17.50000000,3.00000000
1309142641,17.50000000,5.00000000
1309142641,17.50000000,2.21400000
1309142641,17.50000000,5.00000000
1309142641,17.50000000,1.00000000
1309142641,17.50000000,1.00000000
1309142641,17.50000000,1.00000000
1309142641,17.50000000,50.00000000
1309142641,17.50000000,8.00000000
1309142641,17.50900000,5.00000000
1309142641,17.50999000,10.00000000
1309142641,17.51000000,0.50000000
1309142641,17.51000000,1.00000000
1309142641,17.51000000,5.00000000
1309142641,17.55000000,1.00000000
1309142642,17.60000000,2.00000000
1309142642,17.60000000,7.50000000
1309142642,17.67000000,1.00000000
1309142642,17.67000000,3.50001146
1309142642,17.75000000,1.00000000
1309142642,17.75000000,4.97600000
1309142642,17.78000000,1.29315410
1309142642,17.49000000,20.00000000
1309142642,17.78000000,8.70684590
1309142642,17.80000000,5.00000000
1309142642,17.80000000,30.00000000
1309142642,17.80000000,0.10000000
1309142642,17.81420000,2.19315410
1309142643,17.40010000,0.10030000
1309142643,17.40001000,4.89970000
1309142643,17.40001000,0.30000000
1309142702,17.50001000,5.00000000
1309142702,17.60000000,4.95934090
1309142703,17.50001000,0.75000000
1309142703,17.50000000,9.25000000
1309142703,17.60000000,5.04065910
1309142703,17.81420000,0.54684590
1309142703,17.81421000,10.00000000
1309142703,17.81421000,5.68026469
1309142704,17.81421000,9.48223031
1309142704,17.45000000,0.20000000
1309142761,17.45000000,9.80000000
1309142762,17.40001000,8.47000000
1309142763,17.81420000,0.91920000
1309142764,17.68620000,5.00000000
1309142764,17.40001000,1.04000000
1309142764,17.44999000,1.40000000
1309142765,17.44999000,1.23000000
1309142822,17.44999000,1.00000000
1309142823,17.45000000,10.00000000
1309142823,17.80000000,1.00000000
1309142823,17.81000000,2.00000000
1309142823,17.81001000,18.00000000
1309142824,17.81001000,1.00000000
1309142824,17.81001000,12.37000000
1309142880,17.81001000,12.71900000
1309142880,17.81001000,35.55004490
1309142881,17.81001000,144.08181000
1309142882,17.81001000,5.00000000
1309142882,17.81001000,5.00000000
1309142882,17.81001000,0.02141009
1309142883,17.81001000,2.95000000
1309142883,17.81001000,27.72657000
1309142940,17.81001000,1.29610000
1309142941,17.83000000,2.00000000
1309142941,17.85000000,4.04309971
1309142941,17.81001000,0.02944256
1309142942,17.81001000,0.00727000
1309142942,17.83000000,2.00000000
1309142942,17.81001000,7.00000000
1309142942,17.81001000,29.91100000
1309142943,17.81001000,15.00000000
1309143002,17.83001000,1.00000000
1309143002,17.82110000,1.00000000
1309143002,17.83001000,0.50000000
1309143003,17.83001000,0.70000000
1309143003,17.83001000,3.33000000
1309143005,17.84000000,2.50000000
1309143005,17.84001000,1.00000000
1309143006,17.84001000,7.50000000
1309143006,17.83001000,7.07000000
1309143006,17.83001000,0.82000000
1309143006,17.82110000,19.00000000
1309143006,17.81001000,64.96300000
1309143006,17.81001000,1.10000000
1309143006,17.81001000,0.09999910
1309143060,17.85000000,25.00000000
1309143060,17.81300000,0.01070505
1309143060,17.81300000,0.70989495
1309143060,17.81001000,0.29010505
1309143060,17.85000000,12.95690029
1309143060,17.85001000,5.26000000
1309143060,17.85001000,1.00000000
1309143060,17.85001000,1.00000000
1309143061,17.85001000,3.90000000
1309143061,17.85001000,5.88309971
1309143061,17.81001000,4.11590029
1309143123,17.85001000,3.00000000
1309143123,17.85001000,0.82200000
1309143124,17.85001000,1.00000000
1309143181,17.85000000,1.31320000
1309143182,17.88100000,0.40680219
1309143182,17.88100000,9.59319781
1309143183,17.89000000,1.00000000
1309143183,17.89000000,11.85330219
1309143183,17.81001000,11.75000000
1309143183,17.81001000,4.00000000
1309143184,17.81001000,0.01834801
1309143184,17.81001000,0.47990000
1309143184,17.81000000,0.98490000
1309143185,17.81000000,8.51685199
1309143185,17.81000000,3.00000000
1309143240,17.85000000,8.42600000
1309143241,17.85000000,37.52400000
1309143241,17.85000000,30.12833165
1309143301,17.81100000,0.45900000
1309143301,17.81000000,1.00000000
1309143302,17.80010000,5.44100000
1309143302,17.80010000,94.55900000
1309143302,17.60000000,5.44100000
1309143302,17.85000000,0.84676918
1309143303,17.80009000,30.00000000
1309143304,17.85000000,25.02489917
1309143304,17.86000000,2.00000000
1309143305,17.89000000,6.03669781
1309143305,17.89430000,1.40000000
1309143305,17.92000000,1.00000000
1309143305,17.93800000,5.50000000
1309143305,17.94000000,4.00000000
1309143305,17.94000000,15.03840302
1309143360,17.60000000,5.00000000
1309143361,17.88101000,0.66000000
1309143362,17.81099000,4.18133691
1309143362,17.75001000,5.93000000
1309143420,17.75001000,2.07000000
1309143421,17.75001000,2.00000000
1309143421,17.60000000,0.04700000
1309143421,17.81099000,0.81866309
1309143421,17.85000000,6.00000000
1309143421,17.91000000,10.00000000
1309143421,17.94000000,4.68133691
1309143421,17.60000000,1.00000000
1309143421,17.94000000,0.28026007
1309143422,17.94000000,1.56973993
1309143480,17.81100000,2.00000000
1309143480,17.81100000,1.16200000
1309143481,17.81100000,1.50000000
1309143481,17.81100000,14.04309971
1309143481,17.81100000,11.29490029
1309143481,17.81100000,2.70509971
1309143481,17.81100000,12.00000000
1309143481,17.89000000,0.10000000
1309143481,17.81100000,8.68680000
1309143481,17.81100000,1.00000000
1309143481,17.89000000,2.35660800
1309143482,17.81100000,4.00000000
1309143482,17.81100000,1.00000000
1309143541,17.86430000,1.00000000
1309143541,17.86430000,0.43000000
1309143541,17.81400000,0.34780000
1309143541,17.81100000,5.60810029
1309143541,17.81100000,1.00000000
1309143542,17.60000000,0.51200000
1309143542,17.50000000,2.10209971
1309143542,17.50000000,14.13100000
1309143543,17.88000000,1.00000000
1309143600,17.81099000,1.00000000
1309143601,17.81099000,21.26998900
1309143601,17.81099000,10.00000000
1309143601,17.94000000,18.52926007
1309143601,17.94500000,3.00000000
1309143601,17.94988000,20.00000000
1309143601,17.95000000,2.31000000
1309143601,17.95000000,11.72084178
1309143602,17.85000000,1.00000000
1309143661,17.85000000,5.00000000
1309143661,17.50000000,0.90690029
1309143662,17.49999000,0.98476113
1309143663,17.49999000,2.01523887
1309143663,17.50000000,0.91476113
1309143663,17.50000000,0.51690000
1309143720,17.50000000,2.66143858
1309143720,17.81100000,5.03000000
1309143780,17.84999000,0.28830000
1309143780,17.50001000,10.00000000
1309143780,17.40001000,25.49000000
1309143780,17.40000000,0.30000000
1309143841,17.38440000,0.80000000
1309143841,17.36850000,2.01400000
1309143842,17.50000000,0.39790000
1309143901,17.50000000,0.50000000
1309143902,17.50000000,0.16470000
1309143902,17.50000000,8.93740000
1309143902,17.75000000,1.08800000
1309143902,17.78000000,9.00000000
1309143902,17.79000000,20.00000000
1309143902,17.84999000,4.71170000
1309143902,17.84999000,23.00000000
1309143903,17.88999000,2.00000000
1309143903,17.90000000,1.46000000
1309143903,17.93000000,2.00000000
1309143903,17.94000000,1.00000000
1309143903,17.94000000,26.80290000
1309143960,17.81100000,0.10000000
1309143960,17.45000000,1.02000000
1309143960,17.40000000,0.20050000
1309143960,17.36850000,0.83600000
1309143960,17.30001000,0.07745544
1309143960,17.20100000,10.00000000
1309143960,17.50001000,1.24000000
1309143960,17.50001000,0.76000000
1309143961,17.38439000,0.85411000
1309143961,17.38439000,0.72237219
1309143961,17.22360000,1.00000000
1309143961,17.38439000,0.45320000
1309144020,17.38439000,7.97031781
1309144021,17.40000000,2.00000000
1309144021,17.44999000,0.25000000
1309144021,17.50001000,3.41000000
1309144021,17.79990000,0.11000000
1309144021,17.50001000,18.68968219
1309144021,17.22360000,25.29031781
1309144081,17.30000000,0.11317861
1309144081,17.30000000,0.42470000
1309144081,17.30000000,0.46212139
1309144081,17.38440000,5.00000000
1309144082,17.38440000,4.53787861
1309144082,17.22360000,1.62512139
1309144082,17.22360000,4.97000000
1309144082,17.22360000,12.62868652
1309144083,17.38440000,0.50000000
1309144083,17.22360000,4.87800000
1309144141,17.35440000,1.50000000
1309144142,17.25000000,0.50000000
1309144143,17.35000000,10.50000000
1309144143,17.38000000,9.50000000
1309144144,17.25000000,3.32000000
1309144144,17.38000000,0.50000000
1309144144,17.44999000,3.00000000
1309144144,17.45000000,1.00000000
1309144202,17.45000000,0.50000000
1309144203,17.45000000,17.44000000
1309144204,17.45000000,3.26000000
1309144204,17.30000000,10.40000000
