1312407390,9.40000000,10.00000000
1312407412,9.39568000,9.00000000
1312407412,9.39558000,0.20000000
1312407412,9.39294000,0.10000000
1312407417,9.37567000,1.00000000
1312407423,9.37567000,0.10000000
1312407435,9.37567000,0.43766792
1312407435,9.30000000,0.03000000
1312407436,9.24588000,0.15000000
1312407436,9.22000000,50.00000000
1312407436,9.22000000,20.00000000
1312407436,9.20000000,29.06553723
1312407444,9.26000000,3.45051452
1312407469,9.37567000,0.04529326
1312407476,9.30010000,5.54948548
1312407490,9.30009000,0.10000000
1312407491,9.30009000,8.75051452
1312407505,9.37567000,0.08000000
1312407505,9.37567000,0.00783410
1312407525,9.30020000,0.24948548
1312407525,9.30009000,0.10000000
1312407539,9.29999000,9.00000000
1312407542,9.29999000,0.10000000
1312407543,9.29999000,0.12071752
1312407544,9.37500000,22.03370000
1312407544,9.37567000,37.75502457
1312407544,9.37567000,12.41703882
1312407544,9.40000000,9.13800000
1312407544,9.40000000,18.53551909
1312407557,9.30019000,0.10000000
1312407561,9.30019000,0.10000000
1312407589,9.30009000,1.00000000
1312407599,9.30019000,2.69130000
1312407629,9.35000000,2.10221172
1312407720,9.37568000,3.35000000
1312407720,9.35010000,6.54000000
1312407730,9.36000000,10.00000000
1312407765,9.36000000,10.00000000
1312407778,9.36000000,1.65400000
1312407788,9.36000000,78.34600000
1312407788,9.39966000,19.94000000
1312407788,9.40000000,1.71400000
1312407803,9.36001000,0.50000000
1312407803,9.35030000,9.00000000
1312407803,9.35010000,46.06507951
1312407803,9.30000000,1.31841075
1312407803,9.30000000,10.00000000
1312407803,9.29999000,0.10000000
1312407804,9.26000000,0.01678293
1312407804,9.26000000,10.00000000
1312407804,9.20000000,25.00000000
1312407804,9.20000000,10.00000000
1312407804,9.20000000,0.10000000
1312407804,9.20000000,7.53972681
1312407893,9.20009000,1.08266763
1312407949,9.39000000,2.00000000
1312407950,9.40000000,26.00000000
1312407958,9.40000000,0.01558057
1312407976,9.40000000,0.53218404
1312408037,9.33820000,0.30000000
1312408037,9.40000000,2.45371356
1312408050,9.30000000,0.10000000
1312408082,9.30000000,0.30000000
1312408113,9.30000000,1.00000000
1312408140,9.30000000,5.17629032
1312408147,9.30000000,2.43000000
1312408156,9.30000000,2.00600000
1312408217,9.29030000,0.50000000
1312408221,9.30000000,0.25000000
1312408224,9.30000000,0.10000000
1312408229,9.29030000,0.30000000
1312408246,9.29029000,10.00000000
1312408247,9.29029000,5.00000000
1312408252,9.30000000,2.00000000
1312408283,9.29040000,4.00000000
1312408284,9.29000000,0.10100000
1312408284,9.28000000,0.10200000
1312408285,9.27000000,0.10300000
1312408285,9.26000000,0.10400000
1312408285,9.26000000,3.59000000
1312408286,9.30000000,8.00000000
1312408286,9.30000000,0.00111182
1312408291,9.30000000,0.08000000
1312408296,9.30000000,15.00000000
1312408309,9.30000000,25.00000000
1312408358,9.30000000,27.30000000
1312408360,9.29060000,0.84763146
1312408363,9.30000000,34.65777350
1312408380,9.30001000,15.00000000
1312408380,9.30001000,21.34222650
1312408380,9.29060000,8.15236854
1312408380,9.26000000,6.11000000
1312408380,9.25360000,1.00000000
1312408380,9.25018000,20.00000000
1312408380,9.25000000,0.10500000
1312408381,9.25000000,0.02034513
1312408383,9.30001000,0.00010967
1312408383,9.25000000,0.10000000
1312408384,9.24000000,0.11000000
1312408385,9.23000000,0.12000000
1312408385,9.22000000,0.13000000
1312408385,9.22000000,1.00000000
1312408385,9.21000000,1.44156966
1312408387,9.25000000,0.10000000
1312408391,9.25000000,0.10000000
1312408394,9.25000000,9.00000000
1312408396,9.25000000,10.00000000
1312408398,9.25000000,0.15000000
1312408410,9.21210000,0.10000000
1312408411,9.21011000,0.10000000
1312408411,9.21000000,4.90000000
1312408418,9.25000000,0.80000000
1312408506,9.25000000,0.50000000
1312408609,9.25000000,0.00044864
1312408610,9.25000000,0.07955136
1312408610,9.29015000,24.00000000
1312408611,9.30000000,127.11000000
1312408613,9.39000000,0.00001996
1312408614,9.39000000,0.00000601
1312408615,9.39000000,0.06660511
1312408616,9.39000000,0.03336892
1312408616,9.39203000,0.08000000
1312408617,9.39538000,19.94000000
1312408617,9.40000000,3.43083987
1312408620,9.40000000,0.17406914
1312408651,9.38678000,9.00000000
1312408652,9.38668000,0.09133367
1312408660,9.38033000,0.17000000
1312408670,9.38033000,7.70000000
1312408703,9.38033000,2.00000000
1312408747,9.38033000,0.48933317
1312408750,9.38033000,0.10000000
1312408750,9.38033000,0.10000000
1312408751,9.38033000,0.24466658
1312408754,9.38033000,0.04466658
1312408754,9.39000000,0.10000000
1312408755,9.40000000,0.14466658
1312408758,9.40000000,0.24466658
1312408760,9.40000000,0.10000000
1312408764,9.40000000,0.50000000
1312408765,9.40000000,0.10000000
1312408766,9.40000000,0.46500000
1312408768,9.40000000,0.10000000
1312408770,9.40000000,0.23500000
1312408777,9.40000000,0.10000000
1312408778,9.38033000,0.05533342
1312408778,9.35000000,2.00000000
1312408778,9.31000000,15.00000000
1312408778,9.31000000,8.43845327
1312408779,9.30020000,4.57724673
1312408791,9.34999000,9.00000000
1312408821,9.30000000,13.32031058
1312408872,9.34999000,7.00000000
1312408978,9.34000000,0.10400000
1312408978,9.34999000,4.89600000
1312409000,9.30000000,51.16000000
1312409004,9.30030000,0.10000000
1312409018,9.30030000,4.00000000
1312409019,9.30030000,4.90000000
1312409019,9.30000000,84.33013806
1312409056,9.30000000,0.01155275
1312409062,9.25043000,0.00233574
1312409092,9.26045000,5.00000000
1312409109,9.26055000,9.00000000
1312409109,9.26045000,1.00000000
1312409132,9.26045000,4.00000000
1312409132,9.25043000,5.18436886
1312409143,9.30000000,0.26253978
1312409218,9.30000000,10.49576941
1312409219,9.30900000,0.10000000
1312409219,9.31000000,0.10100000
1312409219,9.32000000,0.10200000
1312409219,9.33000000,0.10300000
1312409219,9.34999000,29.09823059
1312409378,9.28000000,12.00000000
1312409379,9.26095000,2.96000000
1312409379,9.26095000,6.04000000
1312409379,9.25043000,4.81329540
1312409379,9.25000000,0.10000000
1312409379,9.25000000,1.00000000
1312409380,9.24000000,0.11000000
1312409380,9.23000000,0.12000000
1312409380,9.22000000,0.13000000
1312409380,9.21343000,17.68670460
1312409493,9.29000000,1.06536538
1312409552,9.34590000,0.16000000
1312409552,9.34590000,5.00000000
1312409552,9.34999000,1.28934041
1312409557,9.34999000,0.09051240
1312409557,9.34999000,0.06866633
1312409560,9.34999000,0.06920674
1312409588,9.29020000,9.00000000
1312409589,9.34999000,0.00440000
1312409596,9.29000000,3.28763462
1312409607,9.29000000,9.00000000
1312409611,9.29000000,7.71236538
1312409611,9.29009000,6.00000000
1312409611,9.34589000,3.49000000
1312409626,9.34591000,4.61611000
1312409636,9.34591000,2.52952462
1312409749,9.29019000,10.00000000
1312409791,9.29010000,9.00000000
1312409791,9.29000000,27.00000000
1312409791,9.26013000,10.00000000
1312409791,9.25000000,0.10000000
1312409791,9.24000000,1.00000000
1312409791,9.24000000,0.11000000
1312409792,9.23000000,0.12000000
1312409792,9.22024000,2.67000000
1312409795,9.29019000,0.12141000
1312409798,9.29019000,9.00000000
1312409844,9.24967000,8.27369408
1312409844,9.22000000,5.52630592
1312409844,9.29019000,3.34906538
1312409982,9.34999000,0.08000000
1312409983,9.34999000,2.48364353
1312409983,9.35000000,100.00000000
1312409983,9.35000000,0.10500000
1312409983,9.36000000,0.10600000
1312409983,9.37000000,0.10700000
1312409983,9.37202000,0.08000000
1312409983,9.37255000,0.08000000
1312409984,9.37275000,0.08000000
1312409984,9.38000000,0.10800000
1312409984,9.39000000,0.10900000
1312409984,9.40000000,11.41986023
1312409984,9.40000000,1.00000000
1312409984,9.40000000,0.16000000
1312409985,9.40000000,10.00000000
1312409985,9.40000000,0.11000000
1312409987,9.40044000,0.05329867
1312410008,9.40010000,0.10000000
1312410010,9.40010000,0.10000000
1312410026,9.40010000,8.80000000
1312410027,9.40000000,11.14000000
1312410028,9.40000000,19.94000000
1312410035,9.40000000,42.89149624
1312410041,9.40000000,7.10850376
1312410041,9.40044000,19.88670133
1312410041,9.40215000,0.08000000
1312410042,9.40246000,0.08000000
1312410042,9.41000000,0.12000000
1312410048,9.41227000,0.08000000
1312410048,9.41248000,0.08000000
1312410049,9.42000000,0.15000000
1312410049,9.43000000,0.03470500
1312410049,9.43950000,0.15000000
1312410049,9.45535000,0.07510632
1312410049,9.46298000,0.16000000
1312410050,9.47000000,6.27018868
1312410050,9.41000000,22.72479491
1312410050,9.40020000,9.00000000
1312410050,9.35010000,0.00028086
1312410050,9.30020000,0.08000000
1312410050,9.30000000,0.08000000
1312410051,9.29030000,0.08000000
1312410051,9.29020000,1.99762222
1312410051,9.29000000,0.08000000
1312410051,9.28787000,0.16000000
1312410051,9.28000000,0.08000000
1312410051,9.26383000,0.02992822
1312410051,9.25000000,0.10000000
1312410051,9.24967000,1.72630592
1312410051,9.24000000,0.11000000
1312410052,9.23961000,10.00000000
1312410052,9.23000000,0.12000000
1312410052,9.22000000,3.61560195
1312410052,9.22000000,0.13000000
1312410052,9.22000000,1.00000000
1312410052,9.21550000,1.00000000
1312410052,9.21500000,4.05575800
1312410052,9.21000000,3.65843034
1312410052,9.21000000,0.14000000
1312410053,9.21000000,12.74590000
1312410053,9.21000000,1.00000000
1312410053,9.20500000,76.00000000
1312410053,9.20453000,1.00000000
1312410053,9.20110000,2.00000000
1312410053,9.20001000,1.00000000
1312410053,9.20000000,33.27217608
1312410053,9.20000000,0.15000000
1312410053,9.20000000,1.00000000
1312410054,9.20000000,2.70000000
1312410054,9.20000000,2.00000000
1312410054,9.19000000,0.16000000
1312410054,9.18000000,0.17000000
1312410054,9.17001000,1.00000000
1312410054,9.17000000,0.18000000
1312410054,9.17000000,50.00000000
1312410055,9.16051000,4.50000000
1312410055,9.16050000,4.50000000
1312410055,9.16021000,4.50000000
1312410055,9.16021000,1.00000000
1312410055,9.16000000,0.19000000
1312410055,9.15095000,0.15000000
1312410055,9.15000000,0.20000000
1312410055,9.15000000,1.00000000
1312410055,9.15000000,44.00000000
1312410055,9.14000000,0.21000000
1312410055,9.13000000,0.22000000
1312410056,9.12002000,1.00000000
1312410056,9.12001000,61.29190122
1312410056,9.12000000,4.50000000
1312410056,9.12000000,0.23000000
1312410056,9.11100000,10.00000000
1312410056,9.11010000,5.06190382
1312410056,9.11000000,0.24000000
1312410056,9.11000000,5.00000000
1312410056,9.11000000,50.00000000
1312410057,9.10000000,0.10000000
1312410057,9.10000000,0.25000000
1312410057,9.10000000,30.00000000
1312410057,9.10000000,2.00000000
1312410057,9.09000000,0.26000000
1312410057,9.08000000,0.27000000
1312410057,9.07622000,17.80000000
1312410057,9.07100000,0.20872450
1312410057,9.07040000,10.00000000
1312410057,9.07000000,0.28000000
1312410057,9.06005000,3.69000000
1312410058,9.06000000,0.29000000
1312410058,9.06000000,30.00000000
1312410058,9.05007000,0.98952604
1312410058,9.05001000,1.00000000
1312410058,9.05000000,94.00000000
1312410058,9.05000000,0.30000000
1312410058,9.05000000,30.00000000
1312410058,9.04000000,0.31000000
1312410058,9.03000000,0.32000000
1312410059,9.02000000,5.00000000
1312410059,9.02000000,0.33000000
1312410059,9.01200000,10.00000000
1312410059,9.01100000,16.00000000
1312410059,9.01002000,30.00000000
1312410059,9.01001000,60.00000000
1312410059,9.01000000,10.00000000
1312410059,9.01000000,0.34000000
1312410059,9.01000000,204.12114592
1312410164,9.40045000,0.15000000
1312410167,9.41000000,0.10000000
1312410167,9.43000000,0.12529500
1312410167,9.43041000,9.97000000
1312410167,9.44000000,0.17000000
1312410167,9.45000000,0.18000000
1312410167,9.46000000,0.19000000
1312410167,9.47000000,0.20000000
1312410168,9.47000000,8.72981132
1312410168,9.47000000,0.33489368
1312410183,9.40045000,0.15000000
1312410201,9.40055000,0.15000000
1312410231,9.40055000,8.85000000
1312410236,9.40054000,1.26148214
1312410236,9.44000000,4.02851786
1312410236,9.40045000,0.91000000
1312410236,9.40045000,20.06148214
1312410247,9.40065000,2.33000000
1312410264,9.44986000,4.27618598
1312410266,9.40065000,6.67000000
1312410266,9.40045000,6.29469546
1312410266,9.40045000,0.08000000
1312410266,9.36808000,0.10622673
1312410266,9.35704000,0.08000000
1312410267,9.26383000,0.05007178
1312410267,9.26095000,0.08000000
1312410267,9.26075000,0.03300812
1312410267,9.25944000,0.30000000
1312410275,9.21264000,0.20000000
1312410282,9.21264000,0.20000000
1312410283,9.21264000,2.32000000
1312410286,9.21264000,0.20000000
1312410288,9.21264000,0.40000000
1312410289,9.21264000,0.15000000
1312410292,9.21264000,0.10000000
1312410293,9.21264000,0.63599791
1312410317,9.40050000,0.07000000
1312410321,9.40045000,20.00000000
1312410324,9.40045000,0.15000000
1312410325,9.40045000,0.20480000
1312410337,9.40045000,0.30000000
1312410338,9.40050000,0.08000000
1312410338,9.40050000,4.57000000
1312410351,9.40055000,2.00000000
1312410367,9.40055000,2.35000000
1312410367,9.40045000,0.03635889
1312410367,9.40045000,75.61364111
1312410386,9.40055000,1.10000000
1312410455,9.40065000,9.00000000
1312410524,9.35010000,0.25000000
1312410529,9.35010000,0.25000000
1312410534,9.35010000,0.25000000
1312410538,9.35020000,0.25000000
1312410542,9.35020000,0.25000000
1312410547,9.35020000,0.25000000
1312410551,9.35020000,0.25000000
1312410552,9.35020000,0.55667495
1312410556,9.35020000,0.25000000
1312410561,9.35020000,0.25000000
1312410569,9.35020000,0.25000000
1312410575,9.35020000,0.25000000
1312410580,9.35020000,0.25000000
1312410581,9.40000000,11.50000000
1312410581,9.40034000,2.50000000
1312410589,9.35030000,0.12000000
1312410674,9.35040000,0.10000000
1312410691,9.36000000,0.05000000
1312410703,9.36000000,0.05000000
1312410754,9.37000000,0.10000000
1312410783,9.37001000,14.90000000
1312410783,9.35070000,9.00000000
1312410783,9.35000000,1.00000000
1312410783,9.30037000,20.00000000
1312410783,9.30000000,1.00000000
1312410783,9.29958000,19.36400209
1312410784,9.28837000,0.08000000
1312410784,9.27000000,1.00000000
1312410784,9.26075000,0.00072456
1312410784,9.25944000,0.15000000
1312410784,9.25028000,10.00000000
1312410784,9.25000000,0.10000000
1312410784,9.24954000,13.17336754
1312410784,9.24000000,0.11000000
1312410785,9.23000000,0.12000000
1312410785,9.22000000,0.13000000
1312410785,9.21264000,0.12434437
1312410785,9.21264000,0.20601805
1312410785,9.21000000,0.14000000
1312410785,9.21000000,1.00000000
1312410785,9.20035000,0.10000000
1312410785,9.20000000,20.00000000
1312410786,9.20000000,2.00000000
1312410786,9.20000000,20.36000000
1312410786,9.20000000,0.15000000
1312410786,9.20000000,9.20000000
1312410786,9.19010000,3.57667490
1312410786,9.19000000,0.16000000
1312410786,9.18000000,0.17000000
1312410786,9.17000000,0.18000000
1312410786,9.16000000,0.19000000
1312410787,9.15000000,0.20000000
1312410787,9.14000000,0.21000000
1312410787,9.13001000,1.90486849
1312410811,9.36000000,0.26709402
1312410820,9.35000000,0.04200039
1312410821,9.35000000,9.00000000
1312410825,9.22946000,0.15000000
1312410825,9.13001000,8.09513151
1312410825,9.13000000,0.22000000
1312410826,9.12000000,0.23000000
1312410826,9.11000000,0.24000000
1312410826,9.10000000,0.25000000
1312410826,9.10000000,0.10000000
1312410826,9.09000000,0.26000000
1312410826,9.08000000,0.27000000
1312410826,9.07000000,0.28000000
1312410827,9.07000000,1.55486849
1312411011,9.33000000,4.28734190
1312411029,9.14030000,2.94950000
1312411048,9.33000000,5.31000000
1312411069,9.15001000,0.00004273
1312411070,9.27730000,0.10800000
1312411087,9.27730000,0.04200000
1312411087,9.27730000,0.08000000
1312411093,9.31000000,2.87800000
1312411093,9.26811000,0.07983828
1312411109,9.25000000,0.57267074
1312411114,9.20521000,0.25000000
1312411114,9.20000000,0.75000000
1312411146,9.25000000,0.08000000
1312411146,9.25000000,5.17000428
1312411148,9.25000000,0.03323891
1312411148,9.25000000,0.04626732
1312411148,9.25000000,0.00016172
1312411149,9.25000000,0.04676109
1312411153,9.20521000,0.25000000
1312411153,9.20000000,10.25000000
1312411153,9.17300000,1.33236999
1312411153,9.16032000,0.50000000
1312411154,9.15804000,0.25000000
1312411154,9.15021000,9.00000000
1312411154,9.15000000,0.10000000
1312411154,9.14020000,10.00000000
1312411154,9.11100000,2.00000000
1312411154,9.11000000,39.15763001
1312411236,9.20000000,0.43000000
1312411244,9.16000000,0.15000000
1312411304,9.16000000,0.15000000
1312411304,9.16000000,0.08120190
1312411315,9.25000000,20.00000000
1312411317,9.25000000,0.25000000
1312411323,9.25000000,0.25000000
1312411327,9.25000000,6.55251953
1312411358,9.25000000,0.15045135
1312411364,9.17752000,0.25000000
1312411364,9.16922000,0.50000000
1312411364,9.16000000,1.00000000
1312411364,9.16000000,0.30000000
1312411364,9.16000000,0.50000000
1312411364,9.16000000,0.23120190
1312411364,9.16000000,0.10000000
1312411364,9.16000000,0.19000000
1312411365,9.15020000,9.00000000
1312411365,9.15000000,0.10000000
1312411365,9.15000000,0.20000000
1312411365,9.14000000,0.21000000
1312411365,9.13332000,0.25000000
1312411365,9.13000000,0.22000000
1312411366,9.12000000,0.23000000
1312411366,9.11000000,2.34236999
1312411366,9.11000000,0.24000000
1312411366,9.11000000,10.40266959
1312411366,9.10007000,7.35355112
1312411366,9.10001000,63.80814922
1312411408,9.25000000,5.00000000
1312411424,9.25000000,0.01973043
1312411477,9.25000000,5.00000000
1312411526,9.17792000,9.00000000
1312411538,9.17781000,0.15000000
1312411538,9.17781000,0.15000000
1312411542,9.17781000,0.01000000
1312411555,9.17781000,0.30000000
1312411564,9.17781000,0.30000000
1312411564,9.11525000,0.25000000
1312411566,9.11524000,9.00000000
1312411567,9.11524000,0.15000000
1312411573,9.11524000,33.00000000
1312411573,9.11524000,0.15000000
1312411578,9.11524000,0.15000000
1312411582,9.11524000,0.15000000
1312411585,9.11524000,0.30000000
1312411588,9.11524000,0.15000000
1312411590,9.11524000,1.00000000
1312411592,9.11524000,0.15000000
1312411596,9.11524000,0.15000000
1312411597,9.11524000,0.10000000
1312411598,9.11524000,0.15000000
1312411602,9.11524000,0.15000000
1312411604,9.11524000,0.15000000
1312411608,9.11524000,0.15000000
1312411613,9.11524000,57.28942573
1312411614,9.11524000,0.08000000
1312411615,9.25000000,0.03558985
1312411615,9.23847000,0.04263909
1312411615,9.15000000,0.16000000
1312411628,9.17780000,0.10000000
1312411640,9.20771000,0.15045135
1312411662,9.15000000,108.36336091
1312411680,9.17781000,0.10000000
1312411905,9.17790000,4.00000000
1312411905,9.18500000,0.12000000
1312411906,9.20771000,4.88000000
1312411976,9.20000000,0.12000000
1312412038,9.20200000,0.11000000
1312412038,9.20515000,0.46569274
1312412064,9.20771000,1.07852658
1312412075,9.20771000,5.74423603
1312412076,9.24665000,0.15000000
1312412076,9.25000000,4.10576397
1312412138,9.24500000,0.11000000
1312412220,9.25000000,6.84696622
1312412237,9.25001000,0.25000000
1312412248,9.25001000,0.30000000
1312412248,9.25001000,0.15000000
1312412252,9.25001000,0.25000000
1312412262,9.25011000,0.25000000
1312412268,9.25011000,0.25000000
1312412275,9.25011000,8.50000000
1312412275,9.25001000,1.50000000
1312412284,9.25001000,4.50000000
1312412329,9.25011000,2.00000000
1312412392,9.25021000,0.89000000
1312412518,9.25051000,4.61021582
1312412532,9.25051000,1.12345000
1312412533,9.25500000,0.11000000
1312412551,9.27991000,0.08000000
1312412555,9.30000000,0.99834946
1312412588,9.25511000,2.00000000
1312412600,9.30000000,1.96744886
1312412602,9.30500000,0.01678249
1312412605,9.30500000,0.00013432
1312412624,9.30000000,0.00000106
1312412630,9.27000000,0.25000000
1312412690,9.25501000,0.10300000
1312412691,9.25001000,10.40303378
1312412691,9.25001000,13.55760310
1312412697,9.27000000,0.69000000
1312412697,9.30000000,10.31000000
1312412702,9.30000000,6.72420062
1312412702,9.30500000,0.09308319
1312412702,9.31548000,0.15000000
1312412702,9.31649000,0.08000000
1312412703,9.33997000,2.95271619
1312412730,9.30001000,1.00000000
1312412768,9.30011000,0.25000000
1312412773,9.30011000,1.02000000
1312412773,9.32000000,0.11000000
1312412791,9.32001000,0.17000000
1312412805,9.33997000,2.94728381
1312412816,9.33998000,2.00000000
1312412823,9.33998000,0.29000000
1312412846,9.34533000,9.00000000
1312412857,9.34008000,0.25000000
1312412858,9.34008000,0.57095273
1312412859,9.34008000,8.17904727
1312412863,9.33998000,0.34816513
1312412863,9.34008000,0.82095273
1312412863,9.34008000,0.25000000
1312412864,9.34533000,0.97000000
1312412920,9.34544000,0.63000000
1312412920,9.34544000,4.99704487
1312412920,9.34544000,0.25000000
1312412926,9.34544000,0.25000000
1312412943,9.34534000,1.05000000
1312412956,9.34544000,0.25000000
1312412957,9.34544000,0.10000000
1312412958,9.34544000,8.65000000
1312412961,9.34534000,6.59784209
1312412978,9.34534000,9.96304005
1312412978,9.32001000,11.22457318
1312412991,9.34544000,9.00000000
1312412993,9.32001000,6.00000000
1312413001,9.34544000,0.50000000
1312413001,9.34544000,9.00000000
1312413040,9.34545000,1.08000000
1312413044,9.34555000,1.00000000
1312413066,9.34812000,0.11000000
1312413068,9.34951000,6.67000000
1312413068,9.35000000,43.33000000
1312413070,9.34813000,1.08000000
1312413086,9.34813000,9.81000000
1312413086,9.34565000,5.90033029
1312413178,9.34911000,0.11000000
1312413178,9.34999000,10.59000000
1312413245,9.34595000,0.16165000
1312413251,9.34912000,0.11000000
1312413251,9.34999000,49.89000000
1312413270,9.34999000,0.15000000
1312413466,9.34933000,9.00000000
1312413466,9.34913000,2.50000000
1312413482,9.34912000,9.00000000
1312413576,9.32010000,5.00000000
1312413635,9.32031000,0.50000000
1312413669,9.32031000,0.18000000
1312413735,9.32051000,9.00000000
1312413735,9.32001000,2.11729279
1312413767,9.30001000,0.08000000
1312413767,9.30000000,4.92000000
1312413770,9.32000000,1.70581100
1312413770,9.32000000,63.00000000
1312413776,9.32000000,0.10300000
1312413787,9.32000000,3.00000000
1312413803,9.32000000,21.77089622
1312413803,9.32200000,0.11000000
1312413803,9.33997000,0.69000000
1312413804,9.34000000,20.80000000
1312413804,9.34951000,6.37000000
1312413804,9.34999000,0.25910378
1312413844,9.30021000,9.00000000
1312413870,9.30000000,0.39700000
1312413876,9.30010000,9.00000000
1312413926,9.30010000,9.00000000
1312413926,9.30010000,4.15000000
1312413928,9.30010000,30.00000000
1312413955,9.30000000,0.70000000
1312413962,9.30000000,13.18300000
1312414050,9.28000000,0.10300000
1312414144,9.25021000,9.00000000
1312414145,9.25001000,15.74185807
1312414145,9.25000000,23.99152864
1312414145,9.25000000,0.10000000
1312414145,9.25000000,1.00000000
1312414156,9.25000000,72.61661329
1312414218,9.25010000,10.00000000
1312414285,9.25500000,0.11000000
1312414285,9.26000000,0.10700000
1312414285,9.28700000,10.00000000
1312414322,9.29500000,0.10300000
1312414340,9.29500000,0.00700000
1312414340,9.29999000,0.00700000
1312414384,9.30010000,9.00000000
1312414437,9.30010000,9.00000000
1312414484,9.30005000,0.12000000
1312414484,9.30010000,8.88000000
1312414522,9.30010000,0.09755000
1312414535,9.30011000,24.47404755
1312414561,9.30011000,24.47404755
1312414573,9.31000000,0.10300000
1312414586,9.30021000,3.10145559
1312414612,9.31000000,0.00700000
1312414683,9.31600000,0.12000000
1312414683,9.32000000,0.19000000
1312414683,9.32000000,0.90310729
1312414772,9.31400000,0.11000000
1312414772,9.31800000,0.13000000
1312414780,9.32000000,0.27852253
1312414817,9.31801000,4.76000000
1312414817,9.31031000,9.00000000
1312414817,9.31001000,1.24000000
1312414893,9.31021000,9.00000000
1312414893,9.31001000,5.00000000
1312414895,9.31400000,0.14000000
1312414895,9.31900000,0.14000000
1312414895,9.31990000,2.49689271
1312414951,9.31011000,0.25000000
1312414957,9.31011000,0.25000000
1312414959,9.31011000,8.50000000
1312414959,9.31001000,2.60000488
1312414963,9.31011000,0.25000000
1312414966,9.31021000,0.25000000
1312414970,9.31021000,0.25000000
1312414979,9.31021000,0.25000000
1312414982,9.31021000,0.25000000
1312414992,9.31021000,0.25000000
1312414996,9.31021000,0.25000000
1312415001,9.31021000,0.25000000
1312415006,9.31021000,0.25000000
1312415015,9.31031000,0.25000000
1312415016,9.31031000,1.00000000
1312415016,9.31031000,0.25000000
1312415031,9.31031000,0.25000000
1312415031,9.31031000,7.25000000
1312415031,9.31001000,6.63999512
1312415031,9.31001000,3.75300000
1312415031,9.31000000,6.00000000
1312415031,9.30011000,0.00661067
1312415031,9.30000000,0.36600000
1312415039,9.28001000,0.50000000
1312415049,9.28790000,0.25000000
1312415054,9.28001000,0.10300000
1312415055,9.28790000,0.25000000
1312415058,9.28790000,9.00000000
1312415063,9.28790000,0.25000000
1312415095,9.28001000,4.39700000
1312415095,9.26000000,10.00000000
1312415095,9.25964000,5.00000000
1312415096,9.25000000,10.00988000
1312415096,9.25000000,31.94634539
1312415140,9.28011000,8.00000000
1312415197,9.28021000,0.50000000
1312415227,9.25000000,0.50000000
1312415246,9.25000000,0.25000000
1312415250,9.25000000,0.25000000
1312415262,9.25000000,0.25000000
1312415266,9.25000000,0.25000000
1312415272,9.25010000,1.10000000
1312415281,9.25010000,0.25000000
1312415291,9.25010000,0.25000000
1312415312,9.25010000,7.40000000
1312415318,9.25000000,0.00114918
1312415318,9.25000000,0.29885082
1312415322,9.25000000,0.25000000
1312415338,9.25000000,0.39784000
1312415368,9.25000000,0.10000000
1312415372,9.25010000,0.30000000
1312415373,9.25110000,0.11400000
1312415373,9.25300000,0.11400000
1312415397,9.25301000,2.00000000
1312415446,9.25311000,9.00000000
1312415447,9.25301000,1.16100000
1312415478,9.28011000,0.03570000
1312415512,9.25311000,1.75200000
1312415518,9.28011000,0.21430000
1312415537,9.28012000,6.03815683
1312415537,9.26010000,3.96184317
1312415559,9.28021000,0.25000000
1312415559,9.28789000,23.36968000
1312415559,9.28790000,21.38032000
1312415559,9.28790000,38.56407421
1312415559,9.32000000,24.02010729
1312415586,9.32000000,1.97982578
1312415904,9.26010000,9.00000000
1312415905,9.26000000,2.66789096
1312416249,9.28700000,10.00000000
1312416291,9.30136000,3.49500000
1312416320,9.28701000,1.00000000
1312416320,9.27010000,9.00000000
1312416320,9.27000000,10.00000000
1312416331,9.26999000,7.06000000
1312416331,9.29999000,11.94000000
1312416340,9.29999000,0.17222061
1312416406,9.29999000,5.00000000
1312416425,9.29999000,2.82777939
1312416444,9.30000000,0.30000000
1312416507,9.30136000,10.00000000
1312416553,9.30136000,3.17297014
1312416553,9.30430000,5.00000000
1312416553,9.30466000,1.82702986
1312416610,9.30466000,18.11297014
1312416680,9.31010000,9.00000000
1312416680,9.31000000,10.94000000
1312416687,9.31020000,0.57000000
1312416715,9.31978000,19.94000000
1312416716,9.32000000,64.66489172
1312416734,9.32000000,170.15354539
1312416734,9.32400000,13.89940441
1312416734,9.33000000,0.10000000
1312416735,9.34000000,0.07984109
1312416735,9.34000000,0.10000000
1312416735,9.34951000,8.65000000
1312416735,9.34999000,5.62184057
1312416735,9.35000000,6.67000000
1312416735,9.35000000,0.10000000
1312416735,9.35000000,0.16000000
1312416736,9.35000000,70.00000000
1312416736,9.35005000,9.97000000
1312416736,9.36000000,0.10500000
1312416736,9.37000000,0.10700000
1312416736,9.38000000,0.10100000
1312416736,9.38000000,0.08000000
1312416736,9.38351000,9.00000000
1312416736,9.39000000,0.10200000
1312416736,9.39890000,0.15000000
1312416736,9.39996000,1.69000000
1312416737,9.40000000,0.10300000
1312416737,9.40000000,0.10800000
1312416737,9.41000000,0.10400000
1312416737,9.41228000,0.08000000
1312416737,9.42000000,0.10500000
1312416737,9.43000000,0.10600000
1312416737,9.43151000,9.00000000
1312416737,9.44000000,0.10700000
1312416738,9.44607000,10.00000000
1312416738,9.44986000,5.69381402
1312416738,9.45000000,0.10800000
1312416738,9.46000000,5.27413000
1312416738,9.46000000,0.10900000
1312416738,9.46074000,10.00000000
1312416738,9.47000000,0.08000000
1312416738,9.47000000,0.20000000
1312416739,9.47990000,6.11000000
1312416739,9.48000000,5.00000000
1312416739,9.48000000,0.30000000
1312416739,9.49000000,0.77423263
1312416739,9.49000000,20.86368405
1312416739,9.49000000,0.40000000
1312416739,9.49000000,2.59000000
1312416739,9.49351000,9.00000000
1312416740,9.49996000,3.34000000
1312416740,9.50000000,0.16000000
1312416740,9.50000000,1.00000000
1312416740,9.50000000,0.50000000
1312416740,9.50000000,5.00000000
1312416740,9.50000000,7.28999521
1312416740,9.50000000,0.50000000
1312416741,9.50000000,3.00000000
1312416741,9.51000000,0.51000000
1312416741,9.51359000,0.08000000
1312416741,9.51394000,0.08000000
1312416741,9.52000000,0.52000000
1312416741,9.53000000,0.53000000
1312416741,9.53000000,3.57667490
1312416741,9.53373000,0.08000000
1312416742,9.54000000,0.54000000
1312416742,9.55000000,0.55000000
1312416742,9.56000000,0.56000000
1312416742,9.56951000,9.00000000
1312416742,9.57000000,0.57000000
1312416742,9.58000000,0.58000000
1312416742,9.59000000,0.59000000
1312416742,9.60000000,49.85000000
1312416742,9.60000000,34.00000000
1312416743,9.60000000,3.00000000
1312416743,9.60000000,0.60000000
1312416743,9.61000000,0.61000000
1312416743,9.62000000,0.62000000
1312416743,9.62010000,0.50000000
1312416743,9.63000000,0.63000000
1312416743,9.64000000,0.16317500
1312416744,9.65951000,9.00000000
1312416744,9.69000000,50.00000000
1312416756,9.69000000,2.99400000
1312416782,9.32001000,0.10300000
1312416782,9.32000000,15.58010904
1312416782,9.31000000,0.94702986
1312416782,9.30000000,9.44986110
1312416809,9.34951000,5.00000000
1312416831,9.38351000,5.00000000
1312416831,9.43151000,5.00000000
1312416872,9.43253000,0.08000000
1312416872,9.44979000,19.94000000
1312416872,9.45981000,0.15000000
1312416872,9.49351000,5.00000000
1312416873,9.50000000,3.83000000
1312416890,9.39045000,1.00000000
1312416943,9.33000000,0.17600000
1312417031,9.39045000,0.10300000
1312417094,9.39045000,1.35243516
1312417095,9.39045000,1.50000000
1312417150,9.34020000,1.00000000
1312417193,9.38998000,3.34000000
1312417259,9.39045000,13.27000000
1312417272,9.39045000,0.10300000
1312417303,9.39045000,2.61156484
1312417344,9.40000000,2.76843516
1312417355,9.39999000,10.68607884
1312417355,9.40031000,19.94000000
1312417355,9.43283000,0.08000000
1312417355,9.46001000,0.15000000
1312417355,9.50000000,3.17000000
1312417355,9.56951000,5.00000000
1312417364,9.60000000,0.15000000
1312417369,9.60000000,1.35243516
1312417371,9.60000000,1.35243516
1312417374,9.60000000,0.24865000
1312417378,9.60000000,0.90025014
1312417397,9.60000000,0.25000000
1312417400,9.60000000,0.25000000
1312417404,9.60010000,0.45000000
1312417405,9.60010000,0.30000000
1312417405,9.60010000,8.25000000
1312417406,9.60000000,1.75000000
1312417408,9.60000000,0.20000000
1312417409,9.60000000,0.20000000
1312417410,9.60000000,4.45000000
1312417413,9.60000000,0.12396538
1312417413,9.60000000,0.08000000
1312417430,9.59990000,1.14643080
1312417430,9.64997000,2.90000000
1312417440,9.64998000,5.90000000
1312417450,9.65000000,7.00000000
1312417450,9.65000000,9.42254380
1312417450,9.65951000,5.00000000
1312417450,9.68999000,3.99000000
1312417450,9.71590000,0.08000000
1312417451,9.74400000,0.02771622
1312417451,9.74900000,24.47973998
1312417496,9.72950000,23.02174894
1312417496,9.74900000,10.00623756
1312417527,9.76351000,5.00000000
1312417527,9.76648000,0.08000000
1312417528,9.77896000,0.98652637
1312417528,9.77896000,5.00631789
1312417528,9.77900000,0.20363689
1312417530,9.74900000,0.92318934
1312417530,9.65018000,1.00000000
1312417534,9.74900000,0.16591417
1312417546,9.72950000,0.02981756
1312417551,9.72899000,0.00540768
1312417552,9.65028000,3.99000000
1312417561,9.72899000,0.00098107
1312417563,9.72899000,4.89361125
1312417564,9.72950000,0.10638875
1312417565,9.74900000,0.00017837
1312417565,9.65028000,0.70000000
1312417566,9.72950000,0.00003197
1312417567,9.72950000,0.00000588
1312417588,9.74900000,0.00000084
1312417595,9.74900000,12.64008086
1312417595,9.65038000,0.75000000
1312417624,9.72951000,0.10300000
1312417631,9.72951000,0.99415980
1312417636,9.74899000,34.38955710
1312417637,9.74900000,15.61044290
1312417644,9.72961000,0.30000000
1312417653,9.72961000,8.70000000
1312417654,9.74900000,13.88441533
1312417663,9.74900000,1.60451636
1312417702,9.65008000,1.00000000
1312417705,9.65008000,3.00000000
1312417734,9.72951000,0.39784000
1312417742,9.72951000,27.18666000
1312417768,9.72951000,0.30000000
1312417780,9.74000000,0.70000000
1312417794,9.74010000,0.39784000
1312417799,9.74010000,8.60216000
1312417856,9.66948000,0.69000000
1312417892,9.67000000,0.50000000
1312417893,9.67000000,0.10300000
1312417931,9.71999000,3.69000000
1312417932,9.72000000,2.11000000
1312417963,9.67010000,0.22379659
1312417971,9.67010000,0.69000000
1312417976,9.67020000,9.00000000
1312417977,9.71999000,0.69713984
1312418001,9.67000000,0.97000000
1312418014,9.67000000,1.00000000
1312418056,9.67010000,5.27576246
1312418073,9.67010000,7.84124186
1312418079,9.67010000,0.10300000
1312418095,9.67010000,1.05575814
1312418095,9.67000000,4.12322061
1312418095,9.67000000,0.08000000
1312418095,9.66938000,30.86445215
1312418095,9.64998000,0.30417679
1312418095,9.64998000,0.08000000
1312418134,9.59961000,13.34239231
1312418157,9.66928000,18.54107085
1312418169,9.59000000,1.45892915
1312418170,9.72000000,3.89299313
1312418178,9.66999000,1.06499482
1312418186,9.66999000,0.29532788
1312418187,9.66999000,0.08189560
1312418188,9.59960000,5.23107085
1312418188,9.58377000,9.00000000
1312418191,9.66999000,0.02270999
1312418194,9.58366000,0.00629724
1312418195,9.43982000,0.15000000
1312418195,9.40000000,0.92529100
1312418195,9.58366000,10.70029362
1312418196,9.74000000,0.00178693
1312418198,9.74000000,0.00048653
1312418199,9.74000000,0.00013228
1312418204,9.74000000,0.00003587
1312418205,9.72741000,0.00000971
1312418206,9.72741000,0.00000298
1312418208,9.72000000,0.00000074
1312418326,9.71887000,0.08000000
1312418337,9.71888000,0.10300000
1312418378,9.71907000,0.08000000
1312418393,9.71908000,2.00000000
1312418410,9.72000000,1.92707122
1312418410,9.74000000,2.42836952
1312418410,9.74890000,10.26387001
1312418410,9.74900000,10.88068925
1312418411,9.71918000,4.69000000
1312418425,9.71918000,4.31000000
1312418425,9.71908000,2.00000000
1312418425,9.71908000,0.74400000
1312418433,9.74900000,2.06461869
1312418433,9.74900000,1.97597635
1312418434,9.76000000,2.96735655
1312418486,9.71898000,9.00000000
1312418486,9.71888000,1.00000000
1312418489,9.71907000,1.10420166
1312418489,9.71907000,2.93538131
1312418489,9.71907000,3.68546555
1312418489,9.71907000,11.00000000
1312418494,9.71907000,2.24484852
1312418494,9.71907000,24.26030296
1312418521,9.71908000,0.10300000
1312418526,9.71908000,0.37200000
1312418559,9.76000000,7.03264345
1312418559,9.77900000,29.79636311
1312418559,9.78674000,0.08000000
1312418560,9.79952000,19.94000000
1312418560,9.79999000,2.24325000
1312418560,9.80000000,0.10000000
1312418560,9.80000000,2.00000000
1312418560,9.80000000,7.00000000
1312418560,9.82000000,0.50000000
1312418560,9.82000000,10.00000000
1312418560,9.82010000,17.74664260
1312418560,9.82800000,10.00000000
1312418561,9.84890000,1.00000000
1312418561,9.84999000,2.00000000
1312418561,9.85000000,2.00000000
1312418568,9.85000000,10.00000000
1312418573,9.85000000,1.10000000
1312418574,9.85000000,0.39784000
1312418575,9.85000000,0.16364000
1312418578,9.85000000,0.16364000
1312418599,9.85000000,23.00000000
1312418601,9.85010000,1.40223892
1312418603,9.85010000,7.59776108
1312418603,9.85000000,3.88674234
1312418614,9.85990000,0.97059811
1312418690,9.85001000,25.00000000
1312418695,9.85000000,9.00000000
1312418801,9.71928000,9.00000000
1312418801,9.71908000,0.57225992
1312418801,9.71888000,0.42774008
1312418921,9.80000000,7.00000000
1312418991,9.80000000,0.13622435
1312419014,9.80000000,128.54579101
1312419014,9.85000000,10.24000000
1312419014,9.85000000,20.00000000
1312419025,9.85000000,2.00000000
1312419026,9.85000000,0.10300000
1312419060,9.85010000,1.19660000
1312419067,9.86000000,1.99000000
1312419067,9.87700000,15.76138619
1312419067,9.88151000,5.00000000
1312419067,9.89000000,0.05000000
1312419067,9.89000000,9.95000000
1312419067,9.89999000,10.00000000
1312419068,9.90000000,0.08000000
1312419068,9.90000000,1.00000000
1312419068,9.90000000,10.38340171
1312419068,9.90000000,0.42945092
1312419071,9.90000000,1.04712022
1312419093,9.90010000,0.50000000
1312419100,9.91000000,0.11847471
1312419100,9.91000000,0.07000000
1312419100,9.92020000,10.00000000
1312419100,9.94492000,10.00000000
1312419100,9.94699000,1.00000000
1312419100,9.94700000,0.14953731
1312419100,9.95000000,65.35571859
1312419127,9.89999000,9.00000000
1312419128,9.89999000,0.08000000
1312419155,9.86001000,1.00000000
1312419193,9.85010000,0.08000000
1312419194,9.85009000,4.92000000
1312419194,9.85020000,4.08000000
1312419242,9.71898000,0.75277388
1312419257,9.85009000,0.11883749
1312419272,9.83000000,0.80116251
1312419278,9.90009000,0.10300000
1312419307,9.85010000,10.00000000
1312419312,9.85010000,7.00000000
1312419315,9.90009000,9.89700000
1312419339,9.90010000,1.19530913
1312419340,9.90010000,2.00000000
1312419396,9.90000000,6.80469087
1312419396,9.90009000,5.00000000
1312419396,9.95000000,34.64428141
1312419396,9.95700000,9.97000000
1312419397,9.96901000,0.16000000
1312419397,9.96912000,0.08000000
1312419397,9.97000000,1.00000000
1312419397,9.98000000,0.08000000
1312419397,9.98000000,10.00000000
1312419397,9.98900000,9.97000000
1312419398,9.98900000,9.00000000
1312419398,9.98930000,38.74165383
1312419398,9.99000000,0.08000000
1312419398,9.99000000,9.87473120
1312419398,9.99000000,1.10000000
1312419398,9.99000000,100.00000000
1312419398,9.99000000,1.00000000
1312419398,9.99000000,5.00000000
1312419398,9.99900000,2.62421999
1312419398,9.99999000,10.00000000
1312419399,9.99999000,5.65743402
1312419399,10.00000000,1.00000000
1312419399,10.00000000,5.00000000
1312419399,10.00000000,5.00000000
1312419399,10.00000000,1.00000000
1312419399,10.00000000,50.00000000
1312419399,10.00000000,161.69646800
1312419409,9.85020000,0.08000000
1312419410,9.85010000,0.08000000
1312419412,9.80000000,9.00000000
1312419412,9.80000000,1.31721319
1312419412,9.90010000,0.14872000
1312419433,9.90010000,14.16906681
1312419433,9.85040000,9.00000000
1312419441,9.85000000,6.83093319
1312419441,10.00000000,3.50919800
1312419548,9.83631000,0.08000000
1312419548,9.85000000,10.00000000
1312419558,9.85001000,0.08000000
1312419654,9.99900000,1.00000000
1312419717,9.99900000,1.35945859
1312419717,9.99900000,2.50000000
1312419758,9.99900000,20.00000000
1312419783,9.98210000,1.00000000
1312419783,9.85110000,9.00000000
1312419783,9.85100000,0.00366054
1312419786,9.85099000,0.10300000
1312419796,9.85099000,1.81333946
1312419875,9.98000000,0.08000000
1312419875,9.98000000,0.50000000
1312419894,9.98001000,0.39784000
1312419911,9.98001000,1.00000000
1312419915,9.87993000,9.00000000
1312419915,9.87973000,0.08000000
1312419915,9.86095000,0.08000000
1312419916,9.85001000,0.01300000
1312419916,9.85001000,4.70000000
1312419916,9.85000000,0.21905076
1312419922,9.85000000,0.49573096
1312419955,9.85000000,5.00000000
1312420209,9.94000000,0.50000000
1312420209,9.95000000,80.00000000
1312420209,9.99898000,2.00000000
1312420209,9.99899000,2.00000000
1312420209,9.99900000,25.14054141
1312420209,9.99900000,0.08000000
1312420209,9.99990000,10.00000000
1312420209,10.00000000,43.49058800
1312420215,10.00000000,3.98759600
1312420234,9.79725000,1.84300000
1312420240,9.83734000,0.08000000
1312420243,9.99900000,8.52994834
1312420254,9.99900000,0.17167791
1312420426,9.94800000,4.66243868
1312420507,9.94800000,10.38400000
1312420567,9.83805000,1.30470639
1312420702,9.83835000,4.00000000
1312420726,9.83835000,5.00000000
1312420731,9.83824000,0.10300000
1312420731,9.83775000,0.08000000
1312420731,9.83755000,0.08000000
1312420731,9.83745000,0.08000000
1312420732,9.81000000,0.14000000
1312420738,9.83824000,0.12000000
1312420746,9.83824000,9.00000000
1312420800,9.81010000,9.00000000
1312420800,9.81000000,0.36000000
1312420800,9.79726000,2.04138700
1312420800,9.75000000,98.59861300
1312420926,9.83824000,0.08000000
1312420927,9.83824000,11.77700000
1312420927,9.94800000,34.95356132
1312420927,9.95621000,0.08000000
1312420927,9.95631000,0.08000000
1312420927,9.95652000,0.08000000
1312420927,9.98000000,0.50098800
1312420928,9.99000000,10.00000000
1312420928,9.99890000,4.00000000
1312420928,9.99900000,30.00000000
1312420928,10.00000000,908.44845068
1312420946,9.83824000,0.08000000
1312420946,10.00000000,299.92000000
1312421145,9.77788000,2.00000000
1312421160,9.77788000,2.00000000
1312421160,9.77788000,2.00000000
1312421161,9.77788000,2.00000000
1312421161,9.77788000,1.00000000
1312421161,9.77778000,0.48233136
1312421161,9.77010000,0.08000000
1312421161,9.77000000,0.43766864
1312421162,9.77000000,2.00000000
1312421163,9.77000000,2.00000000
1312421288,9.77510000,1.89000000
1312421288,9.77510000,2.00000000
1312421289,9.77510000,2.00000000
1312421290,9.77510000,2.00000000
1312421290,9.77510000,1.11000000
1312421290,9.77500000,0.89000000
1312421290,9.77500000,2.00000000
1312421476,9.84951000,0.25000000
1312421478,9.84951000,0.48000000
1312421480,9.77540000,0.25000000
1312421627,9.84951000,0.16000000
1312421627,9.84951000,1.00000000
1312421630,9.86801000,0.08000000
1312421687,9.86811000,0.08000000
1312421687,9.88551000,1.00000000
1312421687,9.88805000,0.08000000
1312421743,9.93750000,0.64000000
1312421752,9.93750000,4.69000000
1312421752,9.93751000,1.00000000
1312421752,9.94600000,35.00000000
1312421753,9.95000000,71.31000000
1312421845,9.95000000,18.68000000
1312421885,9.95000000,10.01000000
1312421966,9.99000000,1.00000000
1312421978,9.99001000,15.00000000
1312421978,9.99001000,8.17759550
1312421981,9.99001000,0.30000000
1312421989,10.00000000,200.00000000
1312421994,9.99011000,0.39784000
1312421999,10.00000000,8.20000000
1312422017,10.00000000,1.00000000
1312422022,10.00000000,1.50000000
1312422041,9.99021000,0.30000000
1312422043,10.00000000,0.20000000
1312422056,9.99021000,0.39784000
1312422064,10.00000000,53.38332900
1312422084,9.99021000,0.30000000
1312422114,9.99031000,0.39784000
1312422156,9.99041000,0.30000000
1312422174,9.99041000,0.39784000
1312422177,10.00000000,10.00000000
1312422188,10.00000000,0.10300000
1312422201,10.00000000,0.03000000
1312422204,9.99051000,0.30000000
1312422214,10.00000000,0.20000000
1312422226,9.99051000,8.70000000
1312422229,9.99050000,6.89292534
1312422273,9.99061000,2.10707466
1312422312,9.99011000,1.00000000
1312422328,9.99021000,0.30000000
1312422329,9.99021000,8.70000000
1312422329,9.99001000,0.08418209
1312422373,9.99000000,0.10300000
1312422431,9.95021000,0.98242534
1312422461,9.95021000,0.53000000
1312422518,9.96010000,3.00000000
1312422527,9.96011000,30.00000000
1312422557,9.99000000,0.10300000
1312422626,9.99000000,0.00981791
1312422640,9.99011000,1.00000000
1312422646,9.99061000,0.30000000
1312422647,10.00000000,3.00000000
1312422647,10.00000000,0.25000000
1312422647,10.00000000,2.98500000
1312422647,10.00000000,1.00000000
1312422647,10.00000000,14.00000000
1312422647,10.00000000,2.00000000
1312422647,10.00000000,21.00000000
1312422647,10.00000000,1.00000000
1312422647,10.00000000,4.46500000
1312422651,9.99011000,0.20112702
1312422667,10.00000000,22.21161191
1312422668,10.00000000,17.99300000
1312422681,10.00000000,0.15450000
1312422689,10.00000000,0.30000000
1312422701,10.01009000,11.49241027
1312422701,10.01952000,0.16000000
1312422701,10.01962000,0.08000000
1312422701,10.02000000,5.00000000
1312422701,10.02964000,0.08000000
1312422702,10.06000000,5.00000000
1312422702,10.10000000,0.06410164
1312422702,10.10000000,19.23122061
1312422711,10.10000000,0.25000000
1312422731,10.10000000,8.64226748
1312422737,10.10000000,2.00000000
1312422737,10.10000000,0.10000000
1312422745,10.10049000,0.08000000
1312422745,10.12000000,4.92000000
1312422754,10.12000000,5.05000000
1312422754,10.12030000,20.00000000
1312422754,10.12072000,0.08000000
1312422754,10.14999000,2.02927379
1312422755,10.15000000,6.75000000
1312422755,10.18000000,7.09072621
1312422768,10.12010000,0.27000000
1312422768,10.12000000,0.03000000
1312422769,10.10059000,0.02991000
1312422781,10.12010000,0.08000000
1312422782,10.12010000,0.19000000
1312422782,10.15964000,29.81000000
1312422791,10.15964000,1.00000000
1312422794,10.15964000,0.72900000
1312422796,10.15964000,3.00000000
1312422799,10.15964000,15.00000000
1312422805,10.15000000,0.30000000
1312422806,10.15000000,0.10000000
1312422815,10.15964000,7.56414498
1312422832,10.15000000,9.00000000
1312422835,10.15000000,0.34000000
1312422857,10.15000000,10.00000000
1312422864,10.12000000,0.30000000
1312422867,10.15000000,1.64052906
1312422871,10.12000000,0.10000000
1312422877,10.12000000,9.57000000
1312422879,10.12000000,0.40000000
1312422897,10.12010000,1.00000000
1312422911,10.15000000,1.00000000
1312422919,10.15000000,3.00000000
1312422925,10.12010000,0.30000000
1312422927,10.12010000,7.30000000
1312422959,10.10059000,0.05009000
1312422985,10.00000000,0.30000000
1312423001,10.10058000,2.88133000
1312423001,10.12010000,0.30000000
1312423001,10.15000000,4.35947094
1312423001,10.15000000,1.26919906
1312423028,10.15000000,5.51000000
1312423029,10.12011000,0.10150101
1312423030,10.12011000,0.10119651
1312423035,10.02000000,0.10089292
1312423035,10.12011000,9.79730248
1312423036,10.00000000,9.76791057
1312423036,10.12011000,0.20269752
1312423037,10.15000000,2.79730248
1312423057,10.12011000,0.08000000
1312423068,10.12011000,0.30000000
1312423068,10.15000000,0.68349846
1312423069,10.15001000,9.01650154
1312423086,10.09987000,2.97700000
1312423095,10.09987000,1.90000000
1312423120,10.00000000,0.30000000
1312423137,10.09987000,44.91404938
1312423156,10.09987000,0.02000000
1312423165,10.00007000,0.30000000
1312423182,10.09987000,6.11074470
1312423251,10.12072000,0.08000000
1312423259,10.14777000,0.92000000
1312423259,10.09988000,16.34925530
1312423285,10.00007000,0.30000000
1312423288,10.07967000,20.40000000
1312423306,10.02007000,1.50000000
1312423306,10.07967000,0.01000000
1312423344,10.00007000,0.30000000
1312423394,10.07967000,5.00000000
1312423456,10.07967000,2.37500000
1312423491,10.07967000,0.44296362
1312423503,10.07968000,0.50000000
1312423503,10.07968000,4.50303638
1312423503,10.01500000,91.00000000
1312423506,10.00007000,0.08000000
1312423506,10.00007000,5.61000000
1312423506,10.00000000,0.63208943
1312423506,10.00000000,0.16000000
1312423506,10.00000000,3.28700000
1312423506,10.00000000,10.00000000
1312423509,9.99999000,1.00000000
1312423529,9.99999000,27.77200000
1312423549,9.99999000,21.45891057
1312423549,9.99999000,0.08000000
1312423550,10.01499000,4.02290662
1312423574,10.01999000,10.00000000
1312423610,10.01999000,35.45513174
1312423617,10.01999000,12.26360262
1312423636,10.01999000,70.00000000
1312423669,10.02007000,10.07089371
1312423670,10.00000000,0.10000000
1312423729,9.99995000,44.52636649
1312423761,10.09987000,0.11000000
1312423761,10.09988000,9.79110741
1312423819,10.07968000,1.00000000
1312423901,10.07968000,24.80000000
1312424013,10.02000000,7.00000000
1312424027,10.01000000,0.10300000
1312424040,9.96011000,0.10269100
1312424113,10.01999000,1.00000000
1312424151,10.01000000,10.00000000
1312424153,10.01000000,9.97000000
1312424154,10.01000000,27.70699645
1312424157,10.01000000,2.22000355
1312424157,9.98003000,37.55730545
1312424246,9.98003000,30.00000000
1312424267,10.01999000,0.08000000
1312424267,10.01999000,2.00000000
1312424292,10.09988000,1.57199314
1312424292,10.10000000,8.42800686
1312424293,10.10000000,4.69575001
1312424293,10.10000000,5.00000000
1312424344,10.07980000,2.34182027
1312424347,10.07980000,10.00000000
1312424427,10.07980000,1.00000000
1312424465,10.07980000,23.62725725
1312424468,10.07981000,85.00000000
1312424480,10.10000000,0.10300000
1312424512,10.07981000,22.37274275
1312424570,10.07980000,1.00000000
1312424583,10.07980000,1.00000000
1312424586,10.07980000,1.00000000
1312424605,10.07980000,1.00000000
1312424638,10.07980000,1.53000000
1312424682,10.02000000,0.08000000
1312424682,10.02000000,2.92000000
1312424682,10.02000000,11.55610379
1312424688,10.01999000,0.20600000
1312424703,10.01999000,0.07086858
1312424711,10.01999000,0.00097444
1312424715,10.01999000,0.00001378
1312424715,10.00000000,6.00000000
1312424715,10.01999000,1.00000000
1312424760,10.00000000,30.00000000
1312424809,10.01999000,30.00000000
1312424814,10.02099000,0.41200000
1312424814,10.02000000,14.58800000
1312424869,10.00000000,18.25729200
1312424869,10.00000000,20.31781908
1312425020,10.10000000,1.00000000
1312425069,10.02010000,14.98300000
1312425176,10.02010000,14.28000000
1312425206,10.07980000,2.00000000
1312425288,10.07980000,7.48000000
1312425312,10.07980000,1.00000000
1312425316,10.07151000,13.00000000
1312425317,10.04151000,13.00000000
1312425317,10.02010000,0.08000000
1312425361,10.02009000,0.10300000
1312425380,10.02009000,9.10000000
1312425380,10.02009000,349.92900000
1312425411,10.05000000,17.99000000
1312425574,10.05000000,122.98100000
1312425574,10.02000000,6.32918737
1312425611,10.02000000,3.67081263
1312425615,10.01999000,1.00000000
1312425638,10.01151000,2.00000000
1312425667,10.01151000,1.54645474
1312425772,10.04500000,25.00000000
1312425772,10.04900000,0.10300000
1312425773,10.05000000,0.30000000
1312425773,10.05000000,15.00000000
1312425773,10.07151000,0.30000000
1312425773,10.07980000,39.44502340
1312425773,10.08000000,0.77324313
1312425773,10.09999000,29.17521100
1312425784,10.12080000,0.08000000
1312425785,10.14097000,0.08000000
1312425785,10.14107000,0.08000000
1312425785,10.15000000,18.90107360
1312425785,10.15001000,9.01650154
1312425785,10.15999000,5.00000000
1312425785,10.17000000,40.00000000
1312425785,10.18000000,52.36927379
1312425785,10.18000000,15.00000000
1312425785,10.19000000,2.00000000
1312425786,10.19000000,1.00000000
1312425786,10.19000000,17.00000000
1312425786,10.19980000,0.08000000
1312425786,10.19987000,0.08000000
1312425786,10.19997000,6.99000000
1312425786,10.20000000,6.00000000
1312425786,10.20000000,2.01000000
1312425787,10.21000000,1.00000000
1312425787,10.21000000,7.50000000
1312425787,10.24227000,0.08000000
1312425787,10.24228000,0.08000000
1312425787,10.24492000,10.00000000
1312425787,10.24900000,1.00000000
1312425787,10.25000000,0.08000000
1312425787,10.25000000,0.10000000
1312425788,10.28000000,8.00000000
1312425788,10.29121000,0.20000000
1312425788,10.29399000,5.74880000
1312425788,10.30000000,0.10000000
1312425788,10.30000000,1.00000000
1312425788,10.30000000,1.00000000
1312425805,10.30000000,0.30000000
1312425812,10.30000000,0.10300000
1312425877,10.16000000,0.30000000
1312425882,10.18000000,0.10300000
1312425889,10.16000000,4.70000000
1312425889,10.15151000,3.67000000
1312425889,10.15151000,0.08000000
1312425889,10.11551000,6.00000000
1312425889,10.06351000,6.00000000
1312425889,10.04501000,17.55000000
1312425920,10.18000000,1.00000000
1312425924,10.16000000,0.08000000
1312425943,10.16000000,0.10300000
1312425944,10.15000000,25.82740000
1312425958,10.16000000,0.11700000
1312425958,10.17997000,2.99671103
1312425958,10.18000000,126.88628897
1312425968,10.18000000,7.09893516
1312425988,10.15000000,0.30000000
1312426009,10.18000000,0.10300000
1312426038,10.18000000,50.00000000
1312426053,10.15000000,0.30000000
1312426067,10.18000000,5.07907000
1312426108,10.15000000,0.30000000
1312426144,10.27406000,0.08000000
1312426155,10.27506000,0.02300000
1312426156,10.15000000,0.20880623
1312426159,10.15000000,23.36379377
1312426159,10.15000000,9.70000000
1312426160,10.10001000,46.93620623
1312426161,10.10000000,22.91528811
1312426161,10.09999000,17.90950089
1312426221,10.25000000,1.00000000
1312426253,10.15151000,0.85750190
1312426272,10.24900000,0.10300000
1312426285,10.24070000,0.10000000
1312426289,10.24070000,4.00000000
1312426289,10.15151000,3.50249810
1312426289,10.12773000,0.08000000
1312426289,10.11751000,7.00000000
1312426289,10.10001000,5.15429288
1312426329,10.10000000,0.08000000
1312426367,10.07901000,0.61800000
1312426460,10.07901000,1.00000000
1312426514,10.10000000,1.00000000
1312426541,10.10000000,7.90000000
1312426569,10.07000000,0.52033962
1312426569,10.06951000,1.90553169
1312426631,10.10000000,3.34000000
1312426635,10.10000000,2.00000000
1312426797,10.10000000,5.00000000
1312426811,10.07901000,0.25000000
1312426814,10.10000000,2.89000000
1312426819,10.10000000,1.00000000
1312426852,10.07901000,0.50000000
1312426854,10.07901000,0.25000000
1312426855,10.07901000,0.10300000
1312426858,10.07901000,0.25000000
1312426859,10.10000000,0.01228047
1312426863,10.07901000,0.25000000
1312426864,10.07901000,8.55000000
1312426868,10.07901000,0.25000000
1312426874,10.07901000,0.25000000
1312426875,10.10000000,37.04092855
1312426879,10.10001000,0.25000000
1312426954,10.10001000,3.00000000
1312427015,10.10001000,0.37000000
1312427127,10.18996000,1.00000000
1312427178,10.15151000,0.25000000
1312427184,10.15151000,0.25000000
1312427189,10.15151000,0.25000000
1312427194,10.15151000,0.25000000
1312427199,10.15151000,0.25000000
1312427204,10.15151000,0.25000000
1312427209,10.15151000,0.25000000
1312427210,10.15151000,1.83000000
1312427210,10.11751000,3.17000000
1312427222,10.11751000,0.25000000
1312427222,10.15151000,0.25000000
1312427222,10.18990000,0.58259845
1312427225,10.11751000,0.25000000
1312427231,10.11751000,0.25000000
1312427235,10.11751000,0.25000000
1312427241,10.11751000,0.25000000
1312427245,10.11751000,0.25000000
1312427254,10.11751000,0.25000000
1312427258,10.11751000,0.25000000
1312427263,10.11751000,0.25000000
1312427267,10.11751000,0.25000000
1312427274,10.11751000,0.25000000
1312427340,10.17000000,0.10300000
1312427350,10.12000000,0.25000000
1312427355,10.12000000,0.25000000
1312427360,10.12000000,0.25000000
1312427374,10.12000000,0.25000000
1312427381,10.12000000,0.25000000
1312427386,10.12000000,0.25000000
1312427394,10.12000000,0.25000000
1312427399,10.12000000,0.25000000
1312427410,10.12000000,0.50000000
1312427414,10.12000000,0.25000000
1312427418,10.17000000,1.00000000
1312427418,10.12000000,0.25000000
1312427424,10.12000000,0.25000000
1312427429,10.12000000,0.25000000
1312427434,10.12000000,0.25000000
1312427442,10.17000000,3.59600000
1312427442,10.17000000,0.08000000
1312427443,10.17001000,1.11638440
1312427443,10.17001000,0.25000000
1312427449,10.17001000,0.25000000
1312427454,10.17001000,0.25000000
1312427459,10.17001000,0.25000000
1312427464,10.17001000,0.25000000
1312427470,10.17001000,0.25000000
1312427475,10.17001000,0.25000000
1312427480,10.17001000,0.25000000
1312427484,10.17001000,0.25000000
1312427493,10.17001000,0.25000000
1312427497,10.17001000,0.25000000
1312427502,10.17001000,0.25000000
1312427506,10.17001000,0.25000000
1312427511,10.17001000,0.25000000
1312427513,10.18990000,2.25264485
1312427519,10.18991000,0.25000000
1312427523,10.18991000,0.25000000
1312427528,10.18991000,0.25000000
1312427571,10.18991000,4.08000000
1312427594,10.18996000,2.69000000
1312427595,10.19000000,2.31000000
1312427621,10.18991000,1.27753041
1312427676,10.18991000,1.18021945
1312427688,10.18991000,0.10000000
1312427707,10.19000000,17.50000000
1312427709,10.19000000,1.00000000
1312427711,10.18991000,0.10000000
1312427715,10.19000000,4.00000000
1312427723,10.18991000,0.10000000
1312427736,10.18991000,0.10000000
1312427838,10.18991000,0.05960529
1312427891,10.17001000,0.25000000
1312427919,10.17001000,0.25000000
1312427939,10.17001000,0.25000000
1312427959,10.17001000,0.25000000
1312427960,10.17001000,25.00000000
1312427969,10.17001000,0.25000000
1312428005,10.17001000,3.00000000
1312428013,10.18991000,0.19039471
1312428013,10.19000000,0.80960529
1312428071,10.19000000,9.80000000
1312428072,10.17001000,0.25000000
1312428095,10.19000000,0.06100000
1312428109,10.17001000,7.43125803
1312428112,10.17001000,0.25000000
1312428152,10.17001000,0.25000000
1312428169,10.17001000,0.25000000
1312428170,10.19000000,0.10000000
1312428171,10.17001000,0.25000000
1312428202,10.17002000,0.25000000
1312428222,10.17002000,0.25000000
1312428239,10.17002000,0.25000000
1312428243,10.17002000,0.25000000
1312428286,10.17002000,0.25000000
1312428306,10.17002000,2.00000000
1312428310,10.18900000,0.94070075
1312428316,10.18900000,0.55000000
1312428338,10.17002000,0.25000000
1312428354,10.17002000,0.25000000
1312428357,10.17002000,0.34400000
1312428449,10.17002000,1.21000000
1312428465,10.18860000,1.34000000
1312428532,10.18900000,1.00000000
1312428558,10.18861000,1.00000000
1312428582,10.18861000,0.69000000
1312428676,10.18861000,2.34000000
1312428753,10.18861000,2.99000000
1312428778,10.18892000,0.35000000
1312428790,10.18861000,20.00000000
1312428836,10.18892000,2.68761000
1312428836,10.18900000,128.50929925
1312428836,10.19000000,76.16857104
1312428858,10.24890000,0.25000000
1312428862,10.24890000,0.25000000
1312428867,10.24890000,0.25000000
1312428874,10.24890000,0.25000000
1312428883,10.24900000,0.08000000
1312428890,10.24900000,0.10300000
1312428898,10.25000000,0.08000000
1312428898,10.25000000,0.17000000
1312428917,10.25000000,0.25000000
1312428919,10.25000000,0.50000000
1312428922,10.25000000,0.25000000
1312428925,10.25000000,0.30000000
1312428927,10.25000000,0.25000000
1312428931,10.25000000,0.25000000
1312428937,10.25000000,0.25000000
1312428944,10.25000000,0.25000000
1312428948,10.25000000,0.25000000
1312428952,10.24900000,0.10300000
1312428954,10.25000000,0.25000000
1312428955,10.25000000,0.23960600
1312428958,10.25000000,0.25000000
1312428962,10.25000000,0.25000000
1312428967,10.25000000,0.25000000
1312428971,10.25000000,0.25000000
1312428974,10.25000000,0.11000000
1312428976,10.25000000,0.25000000
1312428980,10.25000000,0.25000000
1312428981,10.25000000,181.81775707
1312428988,10.25000000,0.25000000
1312428992,10.25000000,175.03263693
1312428992,10.25000000,28.04521100
1312429002,10.25001000,1.50000000
1312429004,10.27940000,0.25000000
1312429008,10.27940000,0.25000000
1312429013,10.27940000,0.25000000
1312429015,10.25001000,0.10300000
1312429018,10.27940000,0.25000000
1312429022,10.27940000,0.25000000
1312429027,10.27940000,0.25000000
1312429031,10.27940000,0.25000000
1312429036,10.27940000,0.25000000
1312429040,10.27800000,0.11000000
1312429040,10.27940000,0.14000000
1312429060,10.27940000,0.50000000
1312429068,10.27940000,0.25000000
1312429072,10.27940000,0.25000000
1312429073,10.27940000,41.11378754
1312429075,10.27941000,8.88621246
1312429075,10.27800000,0.11000000
1312429075,10.25001000,24.31915207
1312429075,10.25001000,1.00000000
1312429075,10.25000000,0.50000000
1312429075,10.25000000,0.30000000
1312429075,10.24900000,0.21400000
1312429075,10.24891000,1.80000000
1312429075,10.24890000,0.25000000
1312429075,10.19000000,0.63451971
1312429076,10.18861000,2.97656194
1312429077,10.18861000,8.85955382
1312429078,10.27940000,0.10300000
1312429078,10.27940000,0.01928328
1312429091,10.28266000,0.08000000
1312429094,10.28267000,0.07976000
1312429118,10.27940000,0.07024000
1312429126,10.30000000,0.59158300
1312429126,10.30000000,1.00000000
1312429139,10.30001000,0.10300000
1312429177,10.31000000,2.00000000
1312429178,10.31000000,4.33994100
1312429178,10.32314000,0.08000000
1312429178,10.33020000,20.00000000
1312429178,10.34951000,5.26000000
1312429178,10.37375000,0.08000000
1312429178,10.38351000,8.00000000
1312429178,10.38990000,3.98800000
1312429178,10.39000000,0.00964267
1312429179,10.40000000,6.24241633
1312429223,10.31001000,0.10300000
1312429227,10.34951000,0.10000000
1312429268,10.34951000,4.38000000
1312429268,10.38351000,7.00000000
1312429268,10.40000000,13.75758367
1312429268,10.40000000,10.73190479
1312429293,10.34951000,0.50000000
1312429297,10.34952000,0.10300000
1312429318,10.40000000,50.00000000
1312429331,10.40000000,9.26809521
1312429331,10.40000000,5.00000000
1312429331,10.41000000,2.16154171
1312429331,10.41856000,0.08000000
1312429331,10.43000000,1.00000000
1312429331,10.43151000,7.00000000
1312429332,10.43448000,0.08000000
1312429332,10.44900000,1.00000000
1312429332,10.45000000,5.41036308
1312429359,10.40001000,0.10300000
1312429363,10.40001000,3.52000000
1312429366,10.40001000,1.37700000
1312429383,10.40001000,0.02916571
1312429383,10.44900000,25.00000000
1312429384,10.45000000,2.13108947
1312429384,10.45000000,21.20000000
1312429384,10.45000000,1.63974482
1312429414,10.44900000,20.00000000
1312429415,10.41000000,0.10900000
1312429506,10.40900000,0.10300000
1312429506,10.41000000,0.10900000
1312429506,10.44900000,10.00000000
1312429506,10.44900000,1.28000000
1312429506,10.44997000,0.09970000
1312429506,10.45000000,34.60830000
1312429575,10.34995000,4.62000000
1312429575,10.34995000,0.09614923
1312429575,10.34995000,2.35709390
1312429575,10.34995000,9.22675687
1312429582,10.34995000,4.33000000
1312429640,10.34995000,0.09614923
1312429640,10.34995000,4.88885077
1312429683,10.34995000,0.50000000
1312429865,10.44282000,0.25000000
1312429865,10.44282000,0.74000000
1312429867,10.44283000,1.16000000
1312429877,10.44283000,0.10300000
1312429883,10.44283000,0.14700000
1312429885,10.34995000,3.39000000
1312429944,10.34995000,0.10300000
1312429945,10.38351000,0.08000000
1312429945,10.38351000,0.92000000
1312429973,10.34995000,2.02900000
1312429982,10.34995000,10.00000000
1312430007,10.34995000,0.10300000
1312430015,10.38351000,4.08000000
1312430028,10.40000000,22.86639225
1312430031,10.43151000,2.00000000
1312430041,10.43151000,3.00000000
1312430064,10.44000000,4.93116200
1312430064,10.44282000,22.06883800
1312430068,10.43152000,0.10300000
1312430114,10.44282000,1.20000000
1312430126,10.44282000,22.50000000
1312430136,10.43151000,0.10000000
1312430139,10.40000000,0.10300000
1312430149,10.43151000,0.01000000
1312430201,10.40000000,0.10300000
1312430235,10.43151000,0.39000000
1312430263,10.43152000,0.10300000
1312430284,10.44282000,21.34000000
1312430290,10.44282000,2.68116200
1312430290,10.44283000,0.30000000
1312430290,10.44283000,7.01883800
1312430297,10.44283000,1.00000000
1312430316,10.44283000,4.01116200
1312430316,10.44283000,0.85300000
1312430316,10.44990000,7.73583800
1312430327,10.43152000,0.10300000
1312430378,10.44474000,0.25000000
1312430378,10.44990000,20.94169130
1312430396,10.44475000,0.15913600
1312430407,10.44375000,0.00923901
1312430417,10.44284000,0.11000000
1312430417,10.43152000,0.64000000
1312430424,10.44375000,0.09376099
1312430424,10.44990000,1.32247070
1312430445,10.45000000,15.90192615
1312430445,10.45104000,98.19704098
1312430445,10.46789000,1.00000000
1312430446,10.46900000,1.00000000
1312430446,10.47446000,0.16000000
1312430446,10.47490000,0.16000000
1312430447,10.48600000,40.00000000
1312430447,10.49000000,18.00000000
1312430447,10.49351000,5.00000000
1312430447,10.49449000,4.76495100
1312430447,10.49900000,1.00000000
1312430447,10.49990000,0.10900000
1312430447,10.49999000,10.00000000
1312430448,10.50000000,0.50000000
1312430448,10.50000000,0.30985000
1312430448,10.50000000,42.89094000
1312430448,10.50000000,10.00000000
1312430448,10.50000000,124.00000000
1312430448,10.50000000,1.00000000
1312430448,10.50000000,8.50000000
1312430449,10.50000000,1.00000000
1312430449,10.50000000,1.00000000
1312430449,10.50000000,20.00000000
1312430449,10.55000000,2.00000000
1312430449,10.55000000,10.46850000
1312430449,10.55000000,1.00000000
1312430472,10.55000000,0.10300000
1312430476,10.55000000,0.50000000
1312430488,10.55000000,0.01985237
1312430518,10.56951000,5.00000000
1312430518,10.57607000,0.08000000
1312430518,10.57722000,0.08000000
1312430522,10.58000000,9.84000000
1312430523,10.56952000,0.16000000
1312430532,10.56952000,9.84000000
1312430532,10.56952000,10.00000000
1312430532,10.55000000,27.41493950
1312430539,10.54999000,2.74506050
1312430539,10.56852000,0.10300000
1312430543,10.58000000,0.25000000
1312430543,10.58434000,0.25000000
1312430543,10.59000000,3.00000000
1312430551,10.59001000,1.00000000
1312430553,10.59001000,0.30000000
1312430556,10.59001000,0.25000000
1312430558,10.59001000,0.25000000
1312430564,10.59001000,0.25000000
1312430566,10.59001000,0.10000000
1312430569,10.59001000,0.25000000
1312430569,10.59800000,80.00100000
1312430569,10.60000000,0.50000000
1312430570,10.60000000,20.00000000
1312430570,10.60000000,1.04000000
1312430570,10.60000000,0.72681300
1312430601,10.60000000,2.00000000
1312430604,10.60000000,0.10300000
1312430604,10.60000000,0.30000000
1312430610,10.62675000,0.25000000
1312430610,10.63376000,0.25000000
1312430610,10.65020000,9.10000000
1312430620,10.62043000,0.25000000
1312430621,10.62675000,0.25000000
1312430621,10.65020000,10.90000000
1312430621,10.65951000,5.00000000
1312430621,10.68000000,223.60000000
1312430622,10.62043000,0.25000000
1312430624,10.68000000,58.00000000
1312430627,10.66000000,0.25000000
1312430631,10.66000000,0.25000000
1312430636,10.66000000,0.25000000
1312430640,10.66000000,0.25000000
1312430645,10.66000000,0.01054474
1312430645,10.66000000,0.25000000
1312430653,10.66000000,0.25000000
1312430659,10.66000000,0.25000000
1312430661,10.68000000,0.20000000
1312430663,10.66000000,0.25000000
1312430668,10.66000000,17.73945526
1312430670,10.65900000,0.10300000
1312430671,10.66000000,0.25000000
1312430671,10.66000000,2.26054474
1312430671,10.68000000,7.38645526
1312430682,10.66000000,0.01630954
1312430682,10.68000000,9.98369046
1312430684,10.65021000,0.25000000
1312430689,10.66001000,0.25000000
1312430693,10.66001000,0.25000000
1312430698,10.66001000,0.25000000
1312430703,10.66001000,0.25000000
1312430708,10.66001000,0.25000000
1312430714,10.66001000,0.25000000
1312430716,10.68000000,24.00000000
1312430717,10.66001000,0.25000000
1312430728,10.66001000,0.10300000
1312430732,10.68000000,3.76246067
1312430738,10.68000000,3.00000000
1312430739,10.66001000,0.20000000
1312430744,10.66001000,2.83951632
1312430757,10.66001000,5.10748368
1312430764,10.65021000,20.53870862
1312430772,10.65000000,5.70000000
1312430807,10.59900000,4.93000000
1312430807,10.59900000,0.10300000
1312430807,10.65000000,44.96700000
1312430822,10.47000000,4.93000000
1312430822,10.47000000,0.19009360
1312430843,10.44991000,0.08000000
1312430851,10.44990000,5.80383000
1312430869,10.40010000,3.16150806
1312430873,10.40009000,7.11975963
1312430873,10.46999000,0.08000000
1312430978,10.60000000,4.34000000
1312430978,10.60000000,16.52564159
1312431014,10.60001000,0.01250000
1312431038,10.60001000,1.00000000
1312431042,10.66000000,2.21366885
1312431053,10.66000000,24.07884747
1312431061,10.66001000,0.10300000
1312431090,10.68000000,0.20000000
1312431090,10.68000000,19.01739361
1312431105,10.68001000,0.25000000
1312431121,10.68900000,1.00000000
1312431138,10.69000000,3.00000000
1312431138,10.69000000,1.00000000
1312431152,10.70000000,1.00000000
1312431152,10.70000000,2.36787500
1312431152,10.70000000,2.63212500
1312431171,10.70000000,0.09130000
1312431176,10.70000000,0.26757500
1312431213,10.71000000,3.00000000
1312431236,10.73989000,0.09130000
1312431242,10.71001000,0.21839361
1312431246,10.73989000,4.15870000
1312431247,10.73990000,6.84130000
1312431266,10.73990000,5.00000000
1312431276,10.73990000,38.15870000
1312431291,10.74997000,0.49000000
1312431298,10.75000000,0.09130000
1312431299,10.74998000,3.51000000
1312431395,10.73000000,6.00000000
1312431395,10.73999000,3.09369100
1312431395,10.73999000,0.47800000
1312431405,10.74001000,0.09130000
1312431432,10.74001000,4.09839283
1312431601,10.66001000,0.08000000
1312431648,10.66000000,9.92000000
1312431649,10.73989000,0.94290000
1312431666,10.74000000,0.09130000
1312431669,10.74000000,86.08870000
1312431669,10.74001000,9.34956717
1312431669,10.75000000,99.90870000
1312431669,10.76351000,5.00000000
1312431669,10.78870000,0.08000000
1312431670,10.79000000,3.00000000
1312431670,10.79000000,3.98800000
1312431670,10.79000000,2.00000000
1312431670,10.79990000,20.00000000
1312431670,10.80000000,20.00000000
1312431670,10.80000000,30.00000000
1312431671,10.80000000,125.20892165
1312431671,10.85000000,100.00000000
1312431671,10.85000000,10.00000000
1312431671,10.85000000,10.00000000
1312431671,10.88151000,5.00000000
1312431671,10.88600000,55.14344039
1312431671,10.89000000,10.00000000
1312431676,10.89000000,6.00000000
1312431676,10.89000000,39.08660871
1312431677,10.89949000,10.00000000
1312431677,10.90000000,129.15500000
1312431677,10.90000000,1.00000000
1312431677,10.90000000,30.00000000
1312431678,10.90000000,9.97000000
1312431678,10.90000000,4.20573843
1312431678,10.91000000,35.51912200
1312431678,10.92000000,3.65000000
1312431678,10.94000000,0.10000000
1312431678,10.95000000,100.00000000
1312431678,10.95000000,3.00000000
1312431678,10.95000000,0.70900000
1312431679,10.96000000,58.00000000
1312431679,10.96000000,0.50459815
1312431679,10.97000000,1.00000000
1312431679,10.98000000,8.65563363
1312431679,10.98000000,9.04000000
1312431679,10.98000000,6.40000000
1312431679,10.98890000,1.00000000
1312431679,10.98900000,1.00000000
1312431679,10.99000000,1.99400000
1312431679,10.99000000,25.00000000
1312431679,10.99900000,1.00000000
1312431680,10.99900000,9.09650931
1312431680,10.99990000,5.07270154
1312431680,10.99999000,5.76950030
1312431680,11.00000000,1000.00000000
1312431680,11.00000000,66.54000000
1312431680,11.00000000,1.00000000
1312431680,11.00000000,8.80000000
1312431680,11.00000000,1.79882823
1312431680,11.00000000,100.00000000
1312431680,11.00000000,50.00000000
1312431681,11.00000000,5.96700000
1312431681,11.00000000,0.06100000
1312431681,11.00000000,50.00000000
1312431681,11.00000000,8.98100000
1312431681,11.00000000,1.49950000
1312431681,11.00000000,1.00000000
1312431681,11.00000000,0.12000000
1312431682,11.00000000,25.00000000
1312431682,11.00000000,0.26000000
1312431682,11.00000000,18.42000000
1312431682,11.00000000,20.00000000
1312431682,11.00000000,2.00000000
1312431682,11.00000000,9.00000000
1312431688,11.00000000,10.00000000
1312431720,11.01351000,5.00000000
1312431728,11.01352000,0.08000000
1312431729,11.01352000,0.13016623
1312431779,11.07000000,10.54000000
1312431795,11.07001000,33.16309560
1312431805,11.05000000,0.09130000
1312431830,11.05000000,12.80000000
1312431831,11.01352000,0.10693947
1312431860,11.01351000,0.89306053
1312431860,11.05000000,11.60693947
1312431863,11.00001000,4.59600000
1312431877,11.00000000,0.25000000
1312431896,11.00000000,8.00000000
1312431944,10.90050000,0.10000000
1312431968,11.00000000,0.50000000
1312432051,11.00000000,0.06000000
1312432084,10.91000000,4.95600000
1312432108,10.98000000,47.00000000
1312432108,10.95000000,1.00000000
1312432108,10.91000000,3.04400000
1312432122,10.90999000,9.76832792
1312432134,10.90050000,0.25000000
1312432140,10.90050000,0.25000000
1312432148,10.90999000,0.50000000
1312432161,10.90050000,0.39000000
1312432161,10.90050000,0.08000000
1312432162,10.90020000,0.78900000
1312432194,10.90999000,0.19000000
1312432217,10.90999000,3.64700000
1312432222,10.90999000,0.09130000
1312432260,10.90020000,2.32837399
1312432266,10.90019000,4.74000000
1312432281,10.84834000,0.72000000
1312432285,10.84832000,0.15000000
1312432286,10.80000000,1.00000000
1312432286,10.77985000,0.08000000
1312432286,10.74007000,1.45000000
1312432287,10.74000000,6.42897670
1312432287,10.73990000,6.13710000
1312432287,10.73990000,0.08000000
1312432287,10.70000000,83.95392330
1312432293,10.90019000,0.80000000
1312432332,10.70000000,0.16431369
1312432355,10.74007000,1.01000000
1312432355,10.70010000,3.99000000
1312432398,10.70011000,8.95144824
1312432435,10.90000000,8.55429138
1312432435,10.90000000,1.45570862
1312432436,10.70021000,5.10000000
1312432436,10.70011000,1.90000000
1312432469,10.88900000,15.00000000
1312432470,10.90000000,5.00000000
1312432473,10.70011000,5.00000000
1312432479,10.70011000,0.50000000
1312432520,10.90000000,3.54429138
1312432520,10.90000000,0.08000000
1312432520,10.90019000,14.07029809
1312432522,10.90020000,7.77863000
1312432522,10.90020000,1.00000000
1312432532,10.90020000,1.50000000
1312432540,10.90999000,0.43314986
1312432561,10.90999000,1.00000000
1312432570,10.90999000,4.13855014
1312432570,10.90999000,0.08000000
1312432586,10.93000000,0.12000000
1312432594,10.93000000,0.63910000
1312432595,10.93000000,5.00000000
1312432610,10.93000000,1.00000000
1312432650,10.94000000,1.00000000
1312432650,10.94800000,3.00000000
1312432651,10.97999000,1.00000000
1312432651,10.97999000,0.19000000
1312432693,10.98000000,4.11000000
1312432698,10.97999000,5.89000000
1312432698,10.99895000,5.33000000
1312432698,10.99900000,3.68999701
1312432698,11.00000000,21.96300000
1312432698,11.00000000,13.00000000
1312432698,11.00000000,10.00000000
1312432699,11.03210000,0.08000000
1312432699,11.05000000,20.81550717
1312432699,11.05234000,0.14955000
1312432699,11.08000000,1.00000000
1312432699,11.09049000,14.03548785
1312432699,11.09990000,1.00000000
1312432699,11.10000000,3.04645797
1312432795,11.08018000,0.03600000
1312432833,10.95000000,0.10000000
1312432834,11.08018000,0.04400000
1312432834,11.09000000,5.00000000
1312432834,11.10000000,1.67932203
1312432834,11.10000000,12.63000000
1312432834,11.10000000,40.00000000
1312432849,11.15000000,0.09130000
1312432852,11.10001000,10.00000000
1312432852,11.10001000,0.10000000
1312432854,11.10001000,4.51510000
1312432863,11.10001000,6.47150000
1312432869,11.10001000,0.07315192
1312432870,11.10001000,0.01992402
1312432890,11.11000000,0.45969255
1312432902,11.10001000,5.00000000
1312432917,11.11000000,0.30000000
1312432921,11.10001000,0.10000000
1312432925,11.10001000,0.14000000
1312432940,11.11000000,0.09130000
1312432944,11.10001000,5.00000000
1312432953,11.10001000,1.05000000
1312432959,11.11000000,9.50042014
1312432968,11.11000000,2.93460931
1312432968,11.11000000,0.25539069
1312432974,11.10001000,0.79000000
1312432975,11.11000000,0.53460931
1312433005,11.14997000,0.09130000
1312433054,11.14997000,0.50000000
1312433054,11.11001000,0.25000000
1312433068,11.14997000,0.09130000
1312433127,11.14997000,0.09130000
1312433145,11.14997000,0.25637557
1312433158,11.10001000,0.69000000
1312433174,11.10001000,0.50000000
1312433191,11.14997000,0.09130000
1312433200,11.10001000,0.25000000
1312433231,11.10001000,5.94700203
1312433231,11.10000000,0.80250000
1312433232,11.10000000,89.80000000
1312433232,11.07000000,0.20000000
1312433232,11.05000000,0.80000000
1312433232,11.01697000,0.16000000
1312433232,11.01100000,13.00000000
1312433232,11.01000000,30.00000000
1312433232,11.01000000,13.36000000
1312433232,11.00000000,0.93049797
1312433239,11.10000000,0.25000000
1312433248,11.10000000,0.25000000
1312433256,11.09990000,0.09130000
1312433265,11.00000000,150.00000000
1312433265,11.00000000,0.07800818
1312433265,11.00000000,6.42657363
1312433317,10.99999000,0.09130000
1312433355,10.96760000,0.08000000
1312433355,10.95000000,4.90000000
1312433355,10.94801000,0.01000000
1312433356,10.94801000,0.08000000
1312433356,10.93000000,35.41002470
1312433356,10.91000000,1.00000000
1312433356,10.90020000,8.36997530
1312433369,10.90020000,6.50000000
1312433403,10.90020000,49.85000000
1312433455,10.90020000,2.30680523
1312433459,10.86878000,0.16000000
1312433463,10.86778000,0.57040000
1312433463,10.90000000,7.69319477
1312433495,10.90004000,20.00000000
1312433498,10.90000000,1.73640523
1312433522,10.81530000,0.15000000
1312433523,10.81000000,4.12700000
1312433549,10.81000000,0.49165011
1312433551,10.81000000,0.15000000
1312433551,10.80000000,10.00000000
1312433552,10.80000000,11.12811623
1312433563,10.81000000,0.08000000
1312433563,10.81000000,15.92000000
1312433573,10.76998000,0.08000000
1312433573,10.71007000,1.42000000
1312433577,10.79999000,0.25000000
1312433582,10.79999000,0.25000000
1312433592,10.76997000,0.19000000
1312433596,10.76997000,0.25000000
1312433596,10.76997000,0.25000000
1312433604,10.76997000,0.20380000
1312433604,10.76997000,0.25000000
1312433608,10.76997000,0.25000000
1312433609,10.71007000,4.57000000
1312433609,10.71000000,15.43000000
1312433618,10.76997000,0.50000000
1312433626,10.76997000,0.25000000
1312433633,10.76997000,0.12620000
1312433633,10.76997000,0.08000000
1312433641,10.79000000,0.09130000
1312433641,10.79000000,0.25000000
1312433647,10.79000000,0.25000000
1312433651,10.79000000,0.25000000
1312433652,10.79000000,0.75390000
1312433660,10.79000000,0.25000000
1312433669,10.78999000,0.25000000
1312433670,10.78999000,0.50000000
1312433676,10.78999000,0.25000000
1312433680,10.78999000,0.25000000
1312433685,10.78999000,0.25000000
1312433695,10.78999000,0.25000000
1312433700,10.78999000,0.25000000
1312433703,10.78999000,3.00000000
1312433710,10.78999000,0.09130000
1312433710,10.78999000,0.25000000
1312433712,10.78999000,0.25000000
1312433712,10.78999000,4.15870000
1312433727,10.79982000,0.25000000
1312433734,10.79982000,0.25000000
1312433827,10.79982000,2.99100000
1312433887,10.79982000,0.63000000
1312433908,10.90004000,2.00000000
1312433918,10.84993000,0.09130000
1312433944,10.84993000,0.12243800
1312433944,10.84993000,0.08000000
1312433944,10.90004000,1.79756200
1312433962,10.79982000,0.25000000
1312433967,10.79982000,0.25000000
1312433976,10.79982000,0.25000000
1312433980,10.79982000,0.25000000
1312433985,10.79982000,0.25000000
1312433985,10.79982000,14.62900000
1312433986,10.79981000,0.72699149
1312433990,10.79981000,0.09130000
1312433990,10.79971000,0.25000000
1312433998,10.79971000,15.59130000
1312434134,10.76997000,0.04380000
1312434164,10.72051000,0.08000000
1312434168,10.72050000,0.18000000
1312434168,10.72050000,0.12826196
1312434168,10.75000000,0.22556465
1312434202,10.71009000,0.25000000
1312434208,10.71009000,7.74000000
1312434211,10.71008000,0.17000000
1312434221,10.71000000,0.25000000
1312434226,10.71000000,0.25000000
1312434229,10.71008000,0.09130000
1312434234,10.71000000,0.25000000
1312434240,10.71000000,0.25000000
1312434250,10.71000000,0.25000000
1312434258,10.71000000,0.50000000
1312434258,10.71008000,0.47940851
1312434259,10.71009000,0.75000000
1312434279,10.71009000,0.79059149
1312434279,10.71009000,26.68203441
1312434279,10.71000000,8.25000000
1312434279,10.70070000,2.99000000
1312434293,10.70030000,0.09130000
1312434356,10.70030000,0.09130000
1312434379,10.68105000,0.08000000
1312434396,10.66009000,3.90000000
1312434396,10.66007000,0.76495463
1312434396,10.66000000,9.02627310
1312434396,10.64150000,0.08000000
1312434396,10.63800000,0.15000000
1312434397,10.60000000,3.00000000
1312434397,10.60000000,4.40877227
1312434398,10.68104000,4.92000000
1312434402,10.68105000,0.08000000
1312434407,10.65000000,3.92000000
1312434407,10.68104000,1.08000000
1312434444,10.60000000,5.59122773
1312434444,10.51000000,14.34877227
1312434461,10.51000000,10.00000000
1312434461,10.51000000,3.00000000
1312434461,10.51000000,6.94000000
1312434467,10.51000000,34.89500000
1312434484,10.51000000,31.62622773
1312434484,10.50010000,1.04400000
1312434484,10.50001000,0.42000000
1312434484,10.50000000,48.80000000
1312434484,10.50000000,37.19800000
1312434485,10.50000000,0.50000000
1312434485,10.50000000,10.39800000
1312434485,10.50000000,1.60000000
1312434501,10.47000000,0.63910000
1312434518,10.50000000,0.41377227
1312434550,10.50000000,1.16000000
1312434554,10.50000000,0.70000000
1312434554,10.50000000,498.30000000
1312434601,10.50000000,0.12622773
1312434601,10.50000000,1.63000000
1312434602,10.47000000,3.70090000
1312434602,10.40020000,3.16147766
1312434602,10.40000000,20.43139461
1312434666,10.40010000,6.00000000
1312434666,10.40000000,1.96000000
1312434666,10.40000000,1.44352019
1312434692,10.39957000,1.00000000
1312434763,10.39000000,1.62511000
1312434776,10.39958000,7.87489000
1312434776,10.38362000,6.00000000
1312434776,10.38352000,0.00838732
1312434776,10.37484000,0.08000000
1312434776,10.35235000,0.15000000
1312434776,10.34995000,1.79700000
1312434776,10.34952000,0.16000000
1312434777,10.34510000,0.08000000
1312434777,10.31001000,0.08000000
1312434777,10.30000000,40.00000000
1312434777,10.27940000,0.05747672
1312434777,10.25965000,0.08000000
1312434777,10.25000000,0.19980000
1312434783,10.22000000,1.00000000
1312434792,10.22000000,0.68804395
1312434801,10.22010000,0.09130000
1312434804,10.22010000,0.59674395
1312434804,10.22000000,0.40000000
1312434804,10.22000000,0.68804395
1312434805,10.22000000,0.84309400
1312434805,10.22000000,0.30000000
1312434807,10.22000000,0.15000000
1312434812,10.22000000,22.24945833
1312434813,10.22000000,6.83277757
1312434815,10.22000000,0.25000000
1312434818,10.22000000,0.25000000
1312434821,10.22000000,7.14200000
1312434824,10.22000000,0.25000000
1312434825,10.22000000,0.50000000
1312434825,10.22000000,0.50150451
1312434833,10.22000000,0.25000000
1312434835,10.22000000,1.50240564
1312434835,10.22000000,0.08000000
1312434858,10.34951000,0.83000000
1312434858,10.34951000,1.07000000
1312434882,10.34951000,0.20000000
1312434891,10.34951000,2.93000000
1312434894,10.36000000,3.26000000
1312434896,10.36000000,0.09130000
1312434904,10.36000000,1.00000000
1312434931,10.36010000,6.00000000
1312434932,10.36000000,1.33500039
1312434956,10.37331000,0.09130000
1312434972,10.38351000,1.00000000
1312435030,10.40010000,0.09130000
1312435033,10.40022000,0.09102610
1312435034,10.43151000,1.00000000
1312435083,10.44976000,0.09130000
1312435091,10.49351000,1.00000000
1312435106,10.49352000,0.25000000
1312435106,10.50000000,2.38953142
1312435110,10.49352000,0.25000000
1312435113,10.49352000,0.75000000
1312435115,10.49352000,0.25000000
1312435116,10.49352000,0.75000000
1312435125,10.50000000,0.31046858
1312435129,10.50000000,0.14880000
1312435129,10.50000000,1.57765842
1312435132,10.49352000,0.08000000
1312435132,10.49352000,0.06880000
1312435157,10.50009000,0.08000000
1312435158,10.52890000,0.15000000
1312435181,10.56000000,1.00000000
1312435182,10.56000000,0.15000000
1312435183,10.56000000,0.30000000
1312435183,10.56000000,0.25000000
1312435184,10.56000000,0.15000000
1312435191,10.56000000,5.09750000
1312435208,10.56951000,1.00000000
1312435225,10.58000000,0.84056472
1312435229,10.59999000,5.00000000
1312435303,10.62020000,0.08000000
1312435303,10.65092000,0.15000000
1312435303,10.65951000,1.00000000
1312435303,10.69790000,0.51000000
1312435303,10.69800000,10.00000000
1312435336,10.70000000,10.51000000
1312435343,10.74997000,0.34000000
1312435344,10.74998000,0.66000000
1312435345,10.70000000,0.24000000
1312435345,10.70000000,0.30000000
1312435350,10.75000000,20.00000000
1312435350,10.75940000,0.14865000
1312435351,10.76351000,1.00000000
1312435351,10.77999000,2.25000000
1312435351,10.78000000,21.80929006
1312435351,10.79971000,1.00000000
1312435351,10.80000000,3.79205994
1312435375,10.80000000,0.09130000
1312435383,10.80000000,1.00000000
1312435393,10.70000000,0.08000000
1312435393,10.70000000,9.92000000
1312435404,10.70000000,10.00000000
1312435407,10.79950000,10.00000000
1312435413,10.70000000,50.00000000
1312435431,10.70000000,7.29000000
1312435439,10.69999000,7.08068231
1312435444,10.69999000,0.09130000
1312435473,10.67068000,0.08000000
1312435516,10.69999000,0.09130000
1312435516,10.69999000,0.08758812
1312435523,10.69999000,0.09076363
1312435524,10.69999000,0.09049167
1312435525,10.69999000,0.09022064
1312435532,10.69999000,0.08994961
1312435535,10.69999000,0.08967952
1312435537,10.69999000,0.08941036
1312435537,10.68000000,0.10000000
1312435542,10.69999000,0.08914213
1312435544,10.67999000,0.08904128
1312435639,10.56952000,1.01000000
1312435639,10.56000000,0.94593844
1312435639,10.53960000,2.01000000
1312435639,10.50010000,2.50000000
1312435639,10.50000000,20.00000000
1312435639,10.45000000,2.00000000
1312435640,10.44990000,1.65000000
1312435640,10.41098000,0.15000000
1312435640,10.40022000,48.90897390
1312435640,10.40000000,20.00000000
1312435640,10.36000000,41.38369961
1312435640,10.35031000,1.16426078
1312435640,10.35000000,0.04755845
1312435641,10.30000000,20.00000000
1312435641,10.26000000,40.00000000
1312435641,10.25000000,10.00000000
1312435641,10.25000000,20.00000000
1312435641,10.24054000,3.26000000
1312435641,10.24044000,4.20000000
1312435641,10.22007000,2.69000000
1312435641,10.22000000,0.40000000
1312435641,10.22000000,0.50000000
1312435641,10.22000000,0.94314187
1312435642,10.20014000,2.69000000
1312435642,10.20010000,0.37000000
1312435642,10.20000000,500.00000000
1312435642,10.18863000,2.75000000
1312435642,10.18861000,4.00000000
1312435642,10.18001000,7.71823898
1312435642,10.17007000,2.49000000
1312435643,10.17001000,1.60000000
1312435643,10.15969000,2.84361137
1312435643,10.15965000,11.31928757
1312435643,10.15151000,7.60000000
1312435643,10.15020000,20.00000000
1312435643,10.12020000,20.00000000
1312435643,10.11955000,25.62249755
1312435643,10.11751000,13.00000000
1312435644,10.10000000,21.85000000
1312435644,10.10000000,65.11028712
1312435644,10.09809000,0.08000000
1312435644,10.09020000,20.00000000
1312435644,10.09000000,5.00000000
1312435645,10.07901000,76.72900000
1312435645,10.06951000,13.00000000
1312435645,10.05000000,5.00000000
1312435645,10.04869000,0.08000000
1312435645,10.04020000,20.00000000
1312435645,10.03300000,1.09011163
1312435645,10.02030000,15.00000000
1312435645,10.02002000,2.11000000
1312435645,10.01212000,1.97137070
1312435646,10.01101000,0.09171402
1312435646,10.01100000,60.00000000
1312435646,10.01000000,19.10798101
1312435646,10.01000000,27.35000000
1312435646,10.00751000,13.00000000
1312435646,10.00100000,5.00000000
1312435646,10.00020000,0.60700000
1312435646,10.00000000,0.20000000
1312435646,10.00000000,1.86300000
1312435647,10.00000000,1.00000000
1312435647,10.00000000,67.11292399
1312435647,10.00000000,60.00000000
1312435647,10.00000000,31.87940301
1312435649,10.00000000,1.94791402
1312435650,10.45000000,0.25000000
1312435653,10.45000000,1.50000000
1312435656,10.45000000,0.25000000
1312435657,10.45000000,1.80000000
1312435657,10.45000000,0.20540000
1312435657,10.45000000,0.20540000
1312435663,10.45000000,3.22000000
1312435692,10.41098000,1.00000000
1312435699,10.40100000,2.45000000
1312435703,10.40100000,4.64000000
1312435704,10.45000000,0.08000000
1312435704,10.45000000,0.17000000
1312435708,10.45000000,0.09428426
1312435715,10.45000000,0.40571574
1312435715,10.40110000,6.00000000
1312435715,10.40100000,3.11000000
1312435717,10.40099000,0.25000000
1312435718,10.40099000,20.00000000
1312435720,10.30000000,1.00000000
1312435720,10.25482000,0.15000000
1312435720,10.18001000,7.87547065
1312435720,10.00100000,0.74649885
1312435720,10.00100000,0.25350115
1312435720,10.00000000,6.17268297
1312435721,10.00000000,3.74184638
1312435722,10.40099000,0.25000000
1312435725,10.40099000,0.25000000
1312435731,10.40099000,0.25000000
1312435784,10.40000000,19.00000000
1312435786,10.40000000,17.71647482
1312435793,10.40099000,18.88805296
1312435848,10.32555000,5.92800000
1312435882,10.32555000,0.07200000
1312435882,10.32535000,0.99000000
1312435882,10.32535000,0.08000000
1312435888,10.30000000,0.64000000
1312435891,10.30000000,2.28000000
1312435894,10.30000000,0.10000000
1312435899,10.30000000,0.10000000
1312435900,10.30000000,0.10000000
1312435902,10.30000000,2.38000000
1312435902,10.30000000,6.00000000
1312435908,10.30000000,0.25000000
1312435911,10.30000000,4.70000000
1312435932,10.30000000,0.86075172
1312435950,10.30000000,1.61924828
1312435958,10.30000000,0.38075172
1312436014,10.17057000,6.00000000
1312436014,10.17047000,3.34000000
1312436014,10.17000000,2.00000000
1312436014,10.15151000,5.28000000
1312436015,10.15000000,30.00000000
1312436017,10.34940000,2.03000000
1312436017,10.34951000,3.16000000
1312436017,10.38340000,1.19000000
1312436017,10.38351000,5.00000000
1312436017,10.38990000,2.38000000
1312436018,10.39000000,2.00000000
1312436018,10.40099000,29.66226964
1312436025,10.15000000,1.72000000
1312436026,10.30000000,1.56525449
1312436026,10.11751000,0.09130000
1312436026,10.15000000,0.25000000
1312436026,10.15000000,6.00000000
1312436027,10.15000000,6.35770443
1312436028,10.15000000,6.33863152
1312436028,10.15000000,3.90000000
1312436028,10.15000000,0.11056670
1312436029,10.15000000,10.31814975
1312436030,10.15000000,0.25000000
1312436030,10.15000000,2.43000000
1312436036,10.15000000,4.79717543
1312436037,10.15000000,0.25000000
1312436037,10.15000000,0.25000000
1312436039,10.15000000,0.25000000
1312436039,10.15000000,1.00000000
1312436040,10.15000000,0.25000000
1312436041,10.15000000,0.25075226
1312436045,10.15000000,0.25000000
1312436046,10.15000000,0.25000000
1312436053,10.15000000,0.10131000
1312436054,10.15000000,0.02538577
1312436057,10.15000000,0.15000000
1312436089,10.11761000,0.09130000
1312436114,10.30220000,3.10865599
1312436182,10.27264000,0.08000000
1312436182,10.30225000,0.15000000
1312436182,10.30225000,0.77000000
1312436220,10.30220000,0.63000000
1312436220,10.30225000,0.36000000
1312436226,10.30235000,0.14910000
1312436226,10.34940000,0.85090000
1312436228,10.30226000,0.01000000
1312436229,10.30220000,0.36520000
1312436420,10.30220000,0.26480000
1312436420,10.30220000,0.63000000
1312436428,10.30220000,1.00000000
1312436431,10.30220000,0.10000000
1312436441,10.30220000,0.02515322
1312436445,10.34951000,3.00000000
1312436447,10.35000000,1.00000000
1312436447,10.38320000,0.49161268
1312436447,10.34952000,2.60852290
1312436447,10.30220000,0.84121901
1312436448,10.38320000,0.13838732
1312436448,10.38351000,0.09328476
1312436472,10.25000000,1.50000000
1312436621,10.37374000,0.01084469
1312436683,10.31000000,0.37000000
1312436747,10.31010000,6.00000000
1312436747,10.31000000,4.00000000
1312436794,10.31010000,6.00000000
1312436794,10.31000000,4.00000000
1312436807,10.31000000,0.10400000
1312436812,10.31000000,1.52600000
1312436908,10.31000000,0.36600000
1312436954,10.31000000,0.10800000
1312437001,10.31001000,0.10000000
1312437062,10.37374000,0.22915531
1312437063,10.37374000,0.11000000
1312437064,10.38000000,3.00000000
1312437064,10.38000000,0.12000000
1312437064,10.38349000,0.45000000
1312437064,10.38351000,4.90671524
1312437064,10.38351000,0.14000000
1312437072,10.40000000,0.10000000
1312437074,10.40098000,0.09130000
1312437086,10.40000000,0.10000000
1312437096,10.40000000,3.21000000
1312437098,10.40000000,1.57000000
1312437101,10.40000000,1.90000000
1312437136,10.40098000,0.09130000
1312437142,10.40098000,0.28740000
1312437142,10.40099000,1.45722474
1312437164,10.40010000,6.00000000
1312437164,10.40000000,4.40000000
1312437199,10.40099000,0.09130000
1312437241,10.40010000,0.19000000
1312437261,10.40098000,0.09130000
1312437312,10.40020000,0.36000000
1312437323,10.40098000,0.09130000
1312437359,10.40030000,3.69000000
1312437383,10.40030000,2.31000000
1312437386,10.39000000,0.09130000
1312437426,10.39000000,37.59870000
1312437426,10.40098000,1.50740000
1312437426,10.40099000,18.89390000
1312437428,10.37375000,0.29440201
1312437448,10.40099000,0.09130000
1312437528,10.39000000,50.00000000
1312437595,10.37415000,0.63910000
1312437749,10.39990000,5.00000000
1312437783,10.37445000,0.14000000
1312437855,10.39400000,0.34000000
1312438027,10.39434000,2.99862285
1312438029,10.39434000,17.00137715
1312438067,10.39435000,9.00000000
1312438067,10.39435000,2.99862285
1312438068,10.37485000,6.00000000
1312438068,10.37375000,10.00559799
1312438078,10.35434000,3.00000000
1312438098,10.35434000,6.00000000
1312438185,10.30000000,18.31445048
1312438195,10.28999000,0.14230000
1312438198,10.28999000,0.14230000
1312438245,10.25310000,6.00000000
1312438245,10.25300000,36.96851458
1312438246,10.25250000,1.12148542
1312438516,10.30000000,0.10000000
1312438516,10.34951000,2.53000000
1312438517,10.38351000,4.00000000
1312438517,10.39989000,1.35000000
1312438517,10.39990000,0.96700000
1312438517,10.40099000,0.40023692
1312438517,10.42000000,0.65276308
1312438575,10.42000000,0.34723692
1312438583,10.43140000,0.09130000
1312438589,10.42001000,0.49017516
1312438646,10.43140000,0.09130000
1312438663,10.42021000,6.00000000
1312438691,10.42001000,0.16258792
1312438694,10.42000000,0.20741208
1312438694,10.42010000,4.79258792
1312438720,10.42010000,0.39741208
1312438720,10.43140000,0.28630827
1312438751,10.43141000,9.97000000
1312438770,10.43151000,4.00000000
1312438770,10.44800000,1.49550000
1312438771,10.45000000,7.85184424
1312438771,10.45000000,7.89278484
1312438771,10.45000000,30.00000000
1312438771,10.48910000,1.00000000
1312438771,10.48995000,2.38000000
1312438771,10.49000000,70.00000000
1312438771,10.49351000,4.00000000
1312438771,10.49720000,1.01000000
1312438772,10.49800000,2.20000000
1312438772,10.49990000,90.00000000
1312438772,10.50000000,67.16987092
1312438835,10.43151000,0.18260000
1312438843,10.45011000,9.97000000
1312438851,10.45012000,0.02787163
1312438978,10.47511000,0.02102600
1312438978,10.45032000,4.97897400
1312438987,10.50000000,0.24000000
1312438987,10.50000000,32.83012908
1312438987,10.54895000,2.34000000
1312438987,10.54900000,0.26910000
1312438987,10.55000000,100.00000000
1312438987,10.55744000,0.08000000
1312438987,10.56951000,4.00000000
1312438988,10.59998000,10.00000000
1312438988,10.60000000,20.62000000
1312438988,10.60000000,29.62077092
1312439020,10.49995000,0.17000000
1312439027,10.60000000,0.70000000
1312439047,10.57648000,0.08000000
1312439047,10.60000000,1.13666321
1312439050,10.50001000,0.85816946
1312439088,10.57649000,0.10000000
1312439091,10.57649000,0.01000000
1312439103,10.57649000,0.00640477
1312439120,10.57649000,0.09305523
1312439120,10.57649000,0.11000000
1312439120,10.59997000,4.69000000
1312439133,10.59998000,0.25000000
1312439134,10.59998000,0.79000000
1312439138,10.59998000,0.79000000
1312439139,10.59998000,1.00000000
1312439145,10.59998000,1.00000000
1312439147,10.59998000,0.01734997
1312439162,10.60000000,0.00064433
1312439174,10.59998000,1.00000000
1312439175,10.60000000,0.99699717
1312439176,10.60000000,67.54492437
1312439177,10.59998000,2.00000000
1312439184,10.60001000,1.52083818
1312439184,10.60001000,0.47916182
1312439232,10.60001000,14.09500000
1312439233,10.60100000,30.00000000
1312439245,10.61101000,4.00000000
1312439260,10.61101000,2.00000000
1312439301,10.62000000,0.50000000
1312439301,10.65000000,31.16717370
1312439339,10.64997000,2.69000000
1312439362,10.64998000,0.11000000
1312439384,10.65000000,60.00000000
1312439414,10.64998000,0.39000000
1312439416,10.65000000,0.40000000
1312439556,10.64998000,0.99000000
1312439570,10.64998000,0.86706304
1312439614,10.64998000,30.00000000
1312439675,10.64998000,5.99863661
1312439675,10.64998000,8.50136339
1312439683,10.64999000,5.72974437
1312439684,10.64999000,0.78398774
1312439685,10.64999000,21.83127912
1312439715,10.65000000,0.84000000
1312439845,10.65000000,7.00000000
1312439860,10.64999000,0.10000000
1312439866,10.64999000,0.15000000
1312439866,10.64998000,14.21000000
1312439950,10.65000000,0.59282630
1312439950,10.65000000,0.50000000
1312439950,10.65951000,0.25717370
1312440186,10.65000000,19.35015000
1312440212,10.65001000,0.80000000
1312440281,10.65951000,3.74282630
1312440282,10.69000000,1.12200000
1312440282,10.69990000,0.13517370
1312440523,10.67000000,0.06100000
1312440591,10.67000000,50.00000000
1312440613,10.67000000,3.63636363
1312440614,10.69990000,0.47000530
1312440614,10.69999000,0.34454015
1312440615,10.67000000,0.18068436
1312440616,10.69999000,0.04047345
1312440616,10.67000000,0.00897745
1312440617,10.69999000,0.00201090
1312440617,10.67000000,0.00044581
1312440618,10.67000000,0.00009963
1312440619,10.69999000,0.00002254
1312440620,10.67000000,0.00000509
1312440621,10.69999000,0.00000145
1312440629,10.67000000,46.11242403
1312440629,10.69999000,0.04295151
1312440629,10.70000000,13.84462446
1312440672,10.70000000,1.97741682
1312440699,10.70000000,0.02258318
1312440700,10.70000000,0.06871682
1312440736,10.65952000,0.16000000
1312440736,10.65952000,1.00000000
1312440755,10.65001000,0.09130000
1312440796,10.65001000,0.10870000
1312440796,10.65001000,0.64985000
1312440831,10.64999000,6.51373211
1312440831,10.64998000,0.25159384
1312440874,10.70000000,0.09130000
1312440887,10.64998000,18.00000000
1312440923,10.70000000,0.90870000
1312440923,10.70000000,11.59130000
1312440946,10.70000000,0.09130000
1312441020,10.70000000,0.09130000
1312441079,10.70000000,2.50000000
1312441320,10.69001000,0.02188959
1312441335,10.64998000,0.27390000
1312441380,10.69000000,0.47661041
1312441381,10.69969000,1.69000000
1312441385,10.69969000,0.08000000
1312441397,10.70000000,0.09130000
1312441413,10.69969000,0.60000000
1312441656,10.69001000,1.38129041
1312441719,10.64998000,0.09130000
1312441747,10.64998000,0.48184277
1312441760,10.61101000,0.05305150
1312441770,10.61100000,0.25000000
1312441774,10.61100000,0.25000000
1312441780,10.61100000,0.25000000
1312441784,10.61100000,0.25000000
1312441789,10.61100000,0.25000000
1312441794,10.61100000,0.25000000
1312441797,10.61100000,2.00000000
1312441799,10.61100000,0.25000000
1312441833,10.60036000,1.00000000
1312441834,10.60036000,0.25000000
1312441840,10.60036000,0.25000000
1312441847,10.60036000,0.25000000
1312441847,10.60007000,3.99000000
1312441847,10.60000000,100.00000000
1312441849,10.60000000,0.01000000
1312441849,10.60036000,0.24000000
1312441870,10.60006000,0.86900000
1312441871,10.60036000,0.13100000
1312441972,10.59998000,1.27694477
1312441972,10.59001000,0.23000000
1312441972,10.56249000,0.08000000
1312441972,10.55021000,0.21000000
1312441973,10.55000000,20.84936236
1312442038,10.60000000,2.35000000
1312442063,10.55007000,3.99000000
1312442064,10.55000000,15.95000000
1312442079,10.55006000,0.25000000
1312442094,10.55006000,0.50000000
1312442096,10.55006000,2.80412528
1312442097,10.55006000,0.48484554
1312442098,10.55006000,0.25000000
1312442102,10.55006000,0.25000000
1312442107,10.55000000,0.25000000
1312442124,10.55000000,62.00000000
1312442139,10.55000000,0.95063764
1312442188,10.51050000,1.79000000
1312442206,10.51049000,2.00000000
1312442231,10.51000000,20.00000000
1312442231,10.50001000,3.97183054
1312442231,10.50000000,41.05177307
1312442274,10.50000000,19.94000000
1312442279,10.50000000,2.00000000
1312442293,10.50000000,31.57217218
1312442423,10.54999000,2.80000000
1312442465,10.50010000,9.00000000
1312442529,10.54999000,0.25000000
1312442580,10.54999000,3.79936236
1312442602,10.55000000,2.20063764
1312442602,10.50010000,2.79936336
1312442669,10.60000000,37.95043000
1312442671,10.55000000,10.00000000
1312442671,10.50010000,7.93979485
1312442671,10.50000000,5.43605475
1312442671,10.47391000,0.08000000
1312442671,10.46000000,1.12200000
1312442671,10.45032000,0.08000000
1312442671,10.45000000,13.17872911
1312442673,10.60001000,0.08000000
1312442678,10.47356000,0.07976000
1312442707,10.60001000,61.00000000
1312442715,10.60001000,0.96957000
1312442716,10.47356000,0.00024000
1312442716,10.45000000,10.96388032
1312442723,10.60030000,0.15208151
1312442723,10.60030000,0.19791849
1312442723,10.60036000,0.05208151
1312442725,10.60036000,0.02791849
1312442727,10.68970000,0.25000000
1312442728,10.68970000,1.17000000
1312442732,10.68970000,0.10881437
1312442732,10.69969000,0.25000000
1312442736,10.69969000,0.25000000
1312442737,10.69969000,0.09130000
1312442737,10.69969000,3.00000000
1312442739,10.69969000,0.52870000
1312442741,10.68970000,0.01463000
1312442745,10.70000000,0.25000000
1312442750,10.70000000,0.25000000
1312442754,10.69969000,0.25000000
1312442754,10.68970000,0.12655563
1312442754,10.60036000,0.27208151
1312442754,10.60001000,0.08000000
1312442760,10.70000000,0.50000000
1312442767,10.60000000,0.25000000
1312442770,10.60000000,0.25000000
1312442776,10.60000000,0.25000000
1312442792,10.60000000,0.08000000
1312442792,10.60000000,0.52136286
1312442865,10.60010000,0.09130000
1312442974,10.65000000,0.10000000
1312442977,10.65000000,0.09471414
1312443124,10.64000000,1.00000000
1312443124,10.65000000,2.70000000
1312443192,10.64997000,0.05680767
1312443226,10.64997000,5.63319233
1312443226,10.65000000,24.36680767
1312443232,10.64001000,0.56500000
1312443232,10.60035000,0.10000000
1312443233,10.60001000,3.39863714
1312443233,10.60001000,0.58000000
1312443240,10.61101000,4.62703550
1312443244,10.54000000,4.64423434
1312443247,10.61101000,4.59931523
1312443257,10.54000000,4.61641081
1312443264,10.54000000,4.60256166
1312443264,10.54000000,0.30000000
1312443266,10.61101000,4.85514385
1312443275,10.54000000,4.87319070
1312443276,10.54000000,4.85857115
1312443277,10.54000000,4.84399525
1312443277,10.54000000,0.10000000
1312443288,10.54000000,4.92916318
1312443289,10.54000000,4.91437571
1312443290,10.47470000,6.00000000
1312443290,10.47460000,2.00000000
1312443290,10.47356000,0.08000000
1312443290,10.47000000,0.11076408
1312443290,10.45007000,9.77000000
1312443290,10.45000000,75.85739057
1312443290,10.43151000,0.08000000
1312443290,10.41000000,2.00000000
1312443291,10.40100000,14.89481876
1312443291,10.40000000,89.20702659
1312443293,10.54000000,4.89963282
1312443299,10.54000000,3.18331830
1312443303,10.45020000,0.04394790
1312443423,10.46010000,5.25000000
1312443433,10.46010000,0.75000000
1312443433,10.46000000,2.00000000
1312443433,10.45008000,0.21720790
1312443450,10.43999000,60.00000000
1312443463,10.43999000,1.00000000
1312443465,10.43999000,0.07130000
1312443474,10.43999000,1.11168732
1312443474,10.43999000,0.40000000
1312443484,10.43999000,25.34980478
