1360273980,22.200000000000,25.690300000000
1360273981,22.180000000000,9.017100000000
1360273981,22.109160000000,59.963000000000
1360273981,22.108160000000,4.523216040000
1360273982,22.070000000000,0.500000000000
1360273982,22.000010000000,0.306383960000
1360273985,22.000010000000,3.309653210000
1360273985,22.000000000000,1.500000000000
1360273985,22.000000000000,0.500000000000
1360273985,22.000000000000,0.525800000000
1360273985,21.980010000000,22.514546790000
1360274014,22.000020000000,296.197810890000
1360274014,21.980010000000,27.653237190000
1360274014,21.966060000000,25.899290990000
1360274014,21.960000000000,75.891200000000
1360274014,21.950000000000,5.000000000000
1360274031,21.950000000000,0.033510000000
1360274034,21.950000000000,20.000000000000
1360274036,21.950000000000,4.046000000000
1360274038,21.926610000000,0.010000000000
1360274042,21.950000000000,1.350135010000
1360274051,21.950000000000,1.040000000000
1360274063,21.950000000000,40.314000000000
1360274067,21.950000000000,10.000000000000
1360274073,21.950000000000,10.000000000000
1360274078,21.950000000000,2.958997720000
1360274087,21.950000000000,45.558100000000
1360274102,21.950000000000,14.500000000000
1360274104,21.950000000000,5.922551250000
1360274108,21.926610000000,0.339984510000
1360274108,21.950000000000,85.000000000000
1360274112,21.950000000000,8.747200000000
1360274118,21.950000000000,0.865428600000
1360274132,21.950000000000,9.111600000000
1360274142,21.926610000000,3.202419940000
1360274145,21.926610000000,0.129066910000
1360274156,21.926610000000,1.668513150000
1360274157,21.950000000000,5.687599650000
1360274167,21.950000000000,14.279521400000
1360274176,21.950000000000,0.001717530000
1360274197,21.919280000000,9.500000000000
1360274201,21.950000000000,389.942099770000
1360274204,22.057160000000,0.010000000000
1360274224,21.950010000000,5.057900230000
1360274224,21.950010000000,3.322000000000
1360274224,21.919270000000,0.037540000000
1360274225,21.901000000000,21.582559770000
1360274227,22.057160000000,0.010000000000
1360274249,22.017160000000,4.541900000000
1360274264,22.017150000000,4.996309690000
1360274267,22.017140000000,9.083800000000
1360274330,22.017140000000,9.269941600000
1360274386,22.017140000000,1.000000000000
1360274405,22.017140000000,9.083831960000
1360274485,22.017140000000,0.422200000000
1360274507,22.000000000000,0.923000000000
1360274508,22.017140000000,0.010000000000
1360274524,22.017140000000,15.392420200000
1360274555,22.000000000000,0.459940250000
1360274555,22.017140000000,115.000000000000
1360274556,22.000000000000,1.960000000000
1360274556,22.017140000000,0.010000000000
1360274556,22.000000000000,0.052631670000
1360274557,22.000000000000,6.672100000000
1360274561,22.017140000000,0.010000000000
1360274604,22.017140000000,69.190907620000
1360274661,22.017140000000,64.823898560000
1360274678,22.017140000000,9.195949740000
1360274678,22.073860000000,7.000000000000
1360274679,22.148240000000,60.003400000000
1360274679,22.149240000000,0.066280000000
1360274679,22.181150000000,25.787924040000
1360274679,22.200000000000,8.700839840000
1360274679,22.200000000000,4.525582600000
1360274679,22.200000000000,0.340000000000
1360274679,22.200000000000,10.000000000000
1360274679,22.208100000000,4.380023780000
1360274691,22.017150000000,5.050000000000
1360274759,22.135970000000,4.965900000000
1360274759,22.199000000000,6.034100000000
1360274814,22.198000000000,2.000000000000
1360274823,22.024060000000,40.000000000000
1360274844,22.021020000000,0.063000000000
1360274875,22.025080000000,0.024286920000
1360274875,22.198000000000,4.975713080000
1360274883,22.198000000000,4.000986120000
1360274883,22.023060000000,4.095000000000
1360274884,22.023040000000,0.905000000000
1360274929,22.198000000000,5.901400000000
1360274958,22.200000000000,0.347000000000
1360274967,22.200010000000,0.256783660000
1360275009,22.032020000000,5.000000000000
1360275060,22.199000000000,2.027000000000
1360275118,22.031000000000,0.500000000000
1360275120,22.199000000000,25.000000000000
1360275125,22.199000000000,25.000000000000
1360275128,22.199000000000,3.261520780000
1360275137,22.200000000000,21.623873870000
1360275147,22.200000000000,0.000033330000
1360275232,22.199000000000,1.840684600000
1360275244,22.199000000000,21.655117100000
1360275283,22.195000000000,12.996003300000
1360275343,22.195000000000,3.898802000000
1360275347,22.031000000000,53.810000000000
1360275364,22.030000000000,2.000000000000
1360275381,22.194000000000,2.165995500000
1360275392,22.030000000000,0.340000000000
1360275394,22.030000000000,7.660000000000
1360275394,22.010990000000,20.340000000000
1360275403,22.194000000000,3.465602900000
1360275408,22.194000000000,5.834900000000
1360275423,22.194000000000,3.768835200000
1360275468,22.192000000000,8.664002200000
1360275499,22.192000000000,0.371621620000
1360275502,22.192000000000,21.443400900000
1360275534,22.190000000000,0.866559800000
1360275593,22.188000000000,1.733271100000
1360275614,22.032020000000,3.460000000000
1360275629,22.014100000000,5.000000000000
1360275662,22.032020000000,1.540000000000
1360275663,22.157870000000,1.817101910000
1360275663,22.186000000000,56.642898090000
1360275670,22.186000000000,1.400000000000
1360275686,22.187000000000,18.028600000000
1360275698,22.013040000000,0.010000000000
1360275735,22.100000000000,0.350000000000
1360275736,22.100000000000,1.000000000000
1360275740,22.100000000000,1.149000000000
1360275753,22.100000000000,1.000000000000
1360275773,22.100000000000,1.000000000000
1360275779,22.174620000000,1.090261140000
1360275780,22.187000000000,7.935838860000
1360275805,22.100000000000,8.640000000000
1360275811,22.100000000000,1.000000000000
1360275923,22.188000000000,6.000000000000
1360275923,22.195000000000,15.659995400000
1360275928,22.100000000000,1.129000000000
1360275934,22.100000000000,2.831500000000
1360275936,22.031000000000,1.768500000000
1360275941,22.195000000000,70.420000000000
1360275958,22.194000000000,8.582041760000
1360275984,22.194010000000,4.112000000000
1360275984,22.194010000000,0.000300000000
1360275998,22.195000000000,3.000000000000
1360276032,22.199000000000,21.428917500000
1360276083,22.199000000000,0.344000000000
1360276098,22.030000000000,0.090000000000
1360276133,22.110000000000,0.029175780000
1360276133,22.199000000000,6.032319020000
1360276208,22.198000000000,4.291020880000
1360276223,22.030000000000,0.693400000000
1360276273,22.012020000000,2.040000000000
1360276330,22.090000000000,3.465128200000
1360276390,22.090000000000,2.263467630000
1360276397,22.090000000000,0.020000000000
1360276413,22.090000000000,41.000000000000
1360276437,22.090000000000,0.363004170000
1360276456,22.011010000000,0.010000000000
1360276504,22.194990000000,0.139424520000
1360276504,22.195000000000,4.860575480000
1360276505,22.013020000000,0.010000000000
1360276528,22.195000000000,0.139424520000
1360276528,22.198000000000,7.004477180000
1360276530,22.015050000000,0.010000000000
1360276587,22.021100000000,12.300000000000
1360276599,22.011010000000,0.010000000000
1360276682,22.150000000000,0.100000000000
1360276682,22.150000000000,0.100000000000
1360276684,22.011010000000,0.010000000000
1360276689,22.149990000000,0.800000000000
1360276689,22.149990000000,5.263979400000
1360276695,22.012020000000,0.010000000000
1360276701,22.149990000000,6.850818610000
1360276701,22.197000000000,14.806247790000
1360276703,22.012020000000,0.010000000000
1360276771,22.019080000000,0.010000000000
1360276779,22.118070000000,1.949138400000
1360276780,22.019090000000,0.010000000000
1360276818,22.118070000000,0.100000000000
1360276820,22.019090000000,0.010000000000
1360276988,22.011010000000,0.010000000000
1360277000,22.118070000000,9.511600000000
1360277001,22.011010000000,0.010000000000
1360277007,22.118070000000,20.357650900000
1360277008,22.011010000000,0.010000000000
1360277014,22.011010000000,1.150000000000
1360277033,22.011010000000,0.130000000000
1360277043,22.011010000000,0.050000000000
1360277044,22.118070000000,18.084799440000
1360277046,22.011010000000,0.010000000000
1360277057,22.045000000000,0.157000000000
1360277061,22.011010000000,0.010000000000
1360277100,22.045000000000,0.000246260000
1360277100,22.118070000000,0.090477740000
1360277102,22.011010000000,0.010000000000
1360277218,22.030840000000,32.400000000000
1360277258,22.011010000000,0.010000000000
1360277278,22.118070000000,42.569560540000
1360277278,22.011010000000,0.010000000000
1360277448,22.118070000000,1.949138400000
1360277454,22.011010000000,0.010000000000
1360277534,22.118070000000,6.728200000000
1360277535,22.011010000000,0.010000000000
1360277662,22.118070000000,0.010700000000
1360277663,22.011010000000,0.010000000000
1360277680,22.118070000000,1.363016810000
1360277681,22.011010000000,0.010000000000
1360277683,22.118070000000,17.361400000000
1360277686,22.011010000000,0.010000000000
1360277724,22.011010000000,5.000000000000
1360277727,22.011010000000,0.509748460000
1360277801,22.011010000000,0.190459390000
1360277824,22.118070000000,0.046300000000
1360277825,22.011010000000,0.010000000000
1360277855,22.118070000000,21.657066400000
1360277856,22.011010000000,0.010000000000
1360277863,22.118070000000,8.662830600000
1360277865,22.011010000000,0.010000000000
1360277908,22.118070000000,59.860500000000
1360277909,22.011010000000,0.010000000000
1360277917,22.118070000000,0.000057410000
1360277918,22.011010000000,0.010000000000
1360277955,22.118070000000,18.625076700000
1360277956,22.011010000000,0.010000000000
1360277989,22.118070000000,2.165702600000
1360277994,22.011010000000,0.010000000000
1360278200,22.118070000000,4.331415300000
1360278201,22.011010000000,0.010000000000
1360278258,22.118070000000,4.747200000000
1360278258,22.011010000000,0.010000000000
1360278333,22.011010000000,65.840047090000
1360278333,22.011000000000,0.110000000000
1360278333,22.010000000000,40.000000000000
1360278333,22.009990000000,0.110000000000
1360278333,22.005000000000,82.939952910000
1360278334,22.005000000000,0.110000000000
1360278339,22.041290000000,0.010000000000
1360278372,22.041290000000,15.159948500000
1360278381,22.041290000000,7.796543500000
1360278395,22.041290000000,1.082851300000
1360278440,22.041290000000,2.598851200000
1360278457,22.041290000000,9.000000000000
1360278485,22.041290000000,6.533873470000
1360278492,22.041290000000,3.031989700000
1360278551,22.010000000000,0.347953200000
1360278621,22.010000000000,8.731900000000
1360278635,22.010000000000,8.662830600000
1360278655,22.010000000000,3.240000000000
1360278665,22.005000000000,1.500000000000
1360278671,22.005000000000,0.256047750000
1360278672,22.010000000000,0.031581090000
1360278679,22.010000000000,5.000000000000
1360278735,22.010000000000,3.975455110000
1360278736,22.041290000000,0.010000000000
1360278746,22.041290000000,5.630840900000
1360278788,22.010010000000,0.512228430000
1360278789,22.041290000000,0.010000000000
1360278812,22.041290000000,1.815110180000
1360278851,22.041290000000,9.355852200000
1360278860,22.041290000000,7.812322850000
1360278860,22.041300000000,0.110000000000
1360278864,22.089990000000,0.035650920000
1360278864,22.090000000000,3.430000000000
1360278864,22.090000000000,0.822879780000
1360278865,22.041310000000,0.010000000000
1360279071,22.050010000000,0.218461130000
1360279099,22.088880000000,5.432597750000
1360279112,22.050010000000,0.010000000000
1360279127,22.088880000000,0.374829620000
1360279128,22.050010000000,0.010000000000
1360279216,22.088880000000,15.000000000000
1360279217,22.050010000000,0.010000000000
1360279243,22.088880000000,1.261104680000
1360279244,22.050010000000,1.253538050000
1360279245,22.088880000000,0.038895320000
1360279246,22.050010000000,0.010000000000
1360279247,22.050010000000,0.038661950000
1360279257,22.050010000000,1.103750710000
1360279302,22.050010000000,7.118432790000
1360279323,22.088880000000,2.892572630000
1360279324,22.088890000000,8.107427370000
1360279326,22.041310000000,0.010000000000
1360279335,22.041310000000,2.665929000000
1360279339,22.088880000000,1.624213670000
1360279339,22.090000000000,4.177120220000
1360279340,22.100000000000,9.358614610000
1360279352,22.099990000000,2.679213590000
1360279352,22.100000000000,10.641385390000
1360279352,22.118070000000,5.954190520000
1360279355,22.041310000000,0.010000000000
1360279363,22.041310000000,0.030551090000
1360279370,22.118060000000,0.027562060000
1360279370,22.118070000000,4.739163240000
1360279372,22.041310000000,0.010000000000
1360279382,22.118060000000,0.030568440000
1360279383,22.118070000000,5.167123860000
1360279386,22.041310000000,0.010000000000
1360279401,22.041310000000,33.000000000000
1360279404,22.118060000000,0.670000000000
1360279404,22.118060000000,0.007308050000
1360279412,22.118050000000,5.100990000000
1360279417,22.118050000000,21.657066400000
1360279434,22.118060000000,5.550389010000
1360279434,22.118070000000,12.953406890000
1360279441,22.118070000000,5.100990000000
1360279451,22.050010000000,0.140432130000
1360279451,22.118070000000,25.913294250000
1360279451,22.118070000000,9.086705750000
1360279469,22.118070000000,5.100990000000
1360279479,22.118070000000,9.200000000000
1360279495,22.118070000000,12.072800000000
1360279496,22.118070000000,5.100990000000
1360279552,22.050010000000,0.229900000000
1360279590,22.050010000000,5.300000000000
1360279602,22.118070000000,5.000000000000
1360279612,22.118070000000,5.000000000000
1360279614,22.118070000000,5.197692300000
1360279625,22.099990000000,1.299425600000
1360279639,22.099990000000,4.346904060000
1360279639,22.100000000000,0.653095940000
1360279640,22.010010000000,0.010000000000
1360279645,22.010020000000,0.077131060000
1360279692,22.099980000000,0.063313670000
1360279692,22.100000000000,21.593752730000
1360279693,22.010020000000,0.010000000000
1360279791,22.099980000000,0.077110660000
1360279798,22.099990000000,1.049000000000
1360279833,22.100000000000,21.719500000000
1360279899,22.100000000000,8.013117800000
1360279927,22.100000000000,0.100000000000
1360279946,22.100000000000,8.662830600000
1360280033,22.100000000000,3.619900000000
1360280038,22.100000000000,0.407200000000
1360280044,22.100000000000,1.732564100000
1360280051,22.099990000000,1.173889340000
1360280051,22.010000000000,0.500000000000
1360280051,22.009140000000,5.582070000000
1360280052,22.000080000000,0.110000000000
1360280052,22.000000000000,21.180495890000
1360280058,22.041500000000,0.110000000000
1360280059,22.000020000000,0.010000000000
1360280060,22.099990000000,0.021575110000
1360280060,22.100000000000,22.602859270000
1360280065,22.000020000000,0.010000000000
1360280086,22.100000000000,8.662830600000
1360280087,22.000020000000,0.010000000000
1360280123,22.100000000000,2.232348960000
1360280123,22.118070000000,12.061312440000
1360280127,22.009140000000,0.010000000000
1360280149,22.118060000000,0.021023050000
1360280149,22.118070000000,16.005212550000
1360280150,22.009140000000,0.010000000000
1360280217,22.118070000000,0.028461790000
1360280218,22.009150000000,0.010000000000
1360280229,22.118070000000,16.145835170000
1360280229,22.118070000000,5.000000000000
1360280229,22.120000000000,22.000000000000
1360280229,22.130000000000,1.000000000000
1360280230,22.150000000000,0.200000000000
1360280230,22.150000000000,20.000000000000
1360280230,22.174000000000,59.972000000000
1360280230,22.175000000000,0.400000000000
1360280231,22.177720000000,0.654156690000
1360280231,22.178900000000,6.000000000000
1360280231,22.190000000000,40.000000000000
1360280231,22.198000000000,9.244501940000
1360280231,22.198000000000,19.872406200000
1360280233,22.198000000000,8.389254430000
1360280239,22.009150000000,0.010000000000
1360280242,22.174000000000,1.082851300000
1360280249,22.130000000000,2.977800000000
1360280259,22.010180000000,0.010000000000
1360280278,22.129990000000,0.010503310000
1360280280,22.013220000000,0.010000000000
1360280306,22.130000000000,0.022200000000
1360280307,22.198000000000,9.333228000000
1360280310,22.016260000000,0.010000000000
1360280321,22.017300000000,25.703000000000
1360280331,22.198000000000,4.510100000000
1360280585,22.149990000000,12.987226400000
1360280599,22.149990000000,12.697508620000
1360280599,22.150000000000,8.938125580000
1360280600,22.040010000000,0.010000000000
1360280619,22.110010000000,0.956000000000
1360280624,22.150000000000,1.061874420000
1360280643,22.197990000000,0.845421110000
1360280643,22.198000000000,32.264578890000
1360280644,22.150020000000,0.010000000000
1360280660,22.198000000000,350.000000000000
1360280664,22.150020000000,0.010000000000
1360280734,22.198000000000,1.384100000000
1360280735,22.150020000000,0.010000000000
1360280746,22.198000000000,1.642179200000
1360280748,22.150020000000,0.010000000000
1360280777,22.198000000000,10.155600500000
1360280777,22.150020000000,0.010000000000
1360280818,22.197990000000,0.700000000000
1360280818,22.198000000000,9.247878630000
1360280821,22.150020000000,0.010000000000
1360280833,22.198000000000,30.089200000000
1360280835,22.150020000000,0.010000000000
1360280836,22.198000000000,13.525637200000
1360280838,22.150020000000,0.010000000000
1360280843,22.150020000000,13.791866130000
1360280844,22.110000000000,9.812593920000
1360280862,22.130000000000,2.491407810000
1360280924,22.130000000000,3.000000000000
1360280959,22.130000000000,2.161612100000
1360280995,22.130000000000,3.796980090000
1360280995,22.130000000000,9.172722810000
1360281046,22.130000000000,40.827277190000
1360281047,22.190000000000,10.172722810000
1360281050,22.110010000000,0.010000000000
1360281098,22.110010000000,0.207317040000
1360281147,22.189990000000,3.457028000000
1360281148,22.110010000000,0.010000000000
1360281152,22.189990000000,2.699476270000
1360281152,22.197980000000,6.591301630000
1360281157,22.197970000000,0.222298690000
1360281157,22.197980000000,0.858027610000
1360281159,22.110010000000,0.010000000000
1360281174,22.197980000000,2.700000000000
1360281175,22.110010000000,0.010000000000
1360281183,22.197980000000,21.850670760000
1360281183,22.198000000000,46.154329240000
1360281184,22.110010000000,0.010000000000
1360281192,22.198000000000,3.449806500000
1360281193,22.110020000000,0.010000000000
1360281214,22.198000000000,1.595537400000
1360281215,22.110020000000,0.010000000000
1360281222,22.198000000000,2.156127800000
1360281222,22.198000000000,9.009800000000
1360281223,22.110020000000,0.010000000000
1360281224,22.190000000000,0.452020690000
1360281229,22.190000000000,9.547979310000
1360281229,22.198000000000,3.820027190000
1360281230,22.150010000000,0.010000000000
1360281276,22.150010000000,13.465211900000
1360281277,22.150000000000,3.000000000000
1360281280,22.110010000000,0.010000000000
1360281301,22.150000000000,1.354401810000
1360281384,22.150000000000,10.800000000000
1360281390,22.150000000000,20.000000000000
1360281434,22.150000000000,9.030000000000
1360281493,22.150000000000,0.974041980000
1360281504,22.150000000000,17.069101000000
1360281520,22.150000000000,4.969482800000
1360281561,22.150000000000,2.506688700000
1360281562,22.150000000000,24.014400000000
1360281634,22.110010000000,0.010000000000
1360281639,22.110010000000,0.010000000000
1360281645,22.110010000000,0.010000000000
1360281666,22.150000000000,4.790601700000
1360281674,22.110010000000,0.010000000000
1360281705,22.110010000000,0.010000000000
1360281713,22.110010000000,0.010000000000
1360281717,22.110010000000,0.010000000000
1360281733,22.110010000000,0.010000000000
1360281749,22.110010000000,0.010000000000
1360281751,22.150000000000,2.167268620000
1360281771,22.110010000000,0.010000000000
1360281788,22.110010000000,0.616621650000
1360281807,22.110010000000,0.010000000000
1360281810,22.110010000000,5.000000000000
1360281831,22.110010000000,0.010000000000
1360281907,22.150000000000,3.458583400000
1360281922,22.110010000000,0.010000000000
1360281934,22.110010000000,1.158692380000
1360281934,22.110000000000,0.000135680000
1360281934,22.110000000000,0.678400000000
1360281935,22.110000000000,0.213771940000
1360281935,22.110000000000,1.970000000000
1360281937,22.149990000000,0.010000000000
1360281937,22.110010000000,3.305270520000
1360282037,22.110000000000,0.744729480000
1360282037,22.150000000000,8.762107620000
1360282079,22.100010000000,0.010000000000
1360282080,22.149990000000,0.010000000000
1360282092,22.100010000000,0.010000000000
1360282093,22.149990000000,0.010000000000
1360282099,22.100010000000,0.010000000000
1360282100,22.149990000000,0.010000000000
1360282120,22.100010000000,0.010000000000
1360282121,22.149990000000,0.010000000000
1360282132,22.100010000000,0.010000000000
1360282133,22.149990000000,0.010000000000
1360282140,22.100010000000,0.010000000000
1360282142,22.149990000000,0.010000000000
1360282145,22.149990000000,21.616171500000
1360282147,22.100010000000,0.010000000000
1360282154,22.149990000000,0.010000000000
1360282157,22.149990000000,4.566804830000
1360282157,22.150000000000,2.779389770000
1360282160,22.100010000000,0.010000000000
1360282163,22.149990000000,7.000000000000
1360282163,22.150000000000,6.612062900000
1360282166,22.100000000000,0.010000000000
1360282184,22.100010000000,0.010000000000
1360282195,22.149980000000,0.150000030000
1360282195,22.150000000000,4.171295070000
1360282196,22.100010000000,0.010000000000
1360282234,22.150000000000,2.160642500000
1360282235,22.110010000000,0.010000000000
1360282258,22.110010000000,0.010000000000
1360282281,22.110010000000,0.010000000000
1360282291,22.150000000000,7.916760440000
1360282291,22.150000000000,0.752339560000
1360282295,22.110010000000,0.010000000000
1360282299,22.110010000000,3.000000000000
1360282317,22.150000000000,21.579296400000
1360282319,22.110010000000,0.010000000000
1360282376,22.150000000000,10.789648200000
1360282377,22.110010000000,0.010000000000
1360282381,22.150000000000,0.742215840000
1360282381,22.197880000000,4.221025160000
1360282387,22.110010000000,0.010000000000
1360282393,22.197870000000,0.068415940000
1360282393,22.197880000000,0.934784060000
1360282398,22.100010000000,0.010000000000
1360282431,22.197870000000,0.551000000000
1360282432,22.100010000000,0.010000000000
1360282481,22.197870000000,2.489905340000
1360282481,22.197880000000,0.321467630000
1360282490,22.100010000000,0.010000000000
1360282534,22.197880000000,5.522823150000
1360282534,22.197880000000,0.774526850000
1360282542,22.100020000000,0.010000000000
1360282546,22.197880000000,1.078316400000
1360282547,22.100020000000,0.010000000000
1360282608,22.110020000000,0.010000000000
1360282638,22.120010000000,12.000000000000
1360282666,22.189990000000,0.010000000000
1360282669,22.130010000000,9.772877130000
1360282669,22.100000000000,20.089122870000
1360282710,22.189990000000,0.010000000000
1360282727,22.110010000000,0.010000000000
1360282730,22.189990000000,0.010000000000
1360282741,22.110010000000,0.010000000000
1360282742,22.189990000000,0.010000000000
1360282750,22.189990000000,0.373303170000
1360282819,22.120010000000,0.010000000000
1360282825,22.189990000000,0.010000000000
1360282830,22.120010000000,0.010000000000
1360282832,22.189990000000,0.010000000000
1360282843,22.120010000000,0.010000000000
1360282844,22.189990000000,0.010000000000
1360282871,22.189990000000,12.528200000000
1360282872,22.120010000000,8.168861040000
1360282874,22.100000000000,1.785138960000
1360282888,22.189990000000,0.010000000000
1360282897,22.130010000000,0.010000000000
1360282897,22.130010000000,4.672973380000
1360282898,22.100000000000,13.780805880000
1360282900,22.100000000000,0.010000000000
1360282904,22.100000000000,3.053196250000
1360282939,22.021010000000,0.010000000000
1360282963,22.189990000000,0.010000000000
1360282970,22.024040000000,0.010000000000
1360282980,22.179990000000,0.010000000000
1360282997,22.179990000000,6.493000000000
1360283002,22.110010000000,0.010000000000
1360283004,22.179990000000,0.010000000000
1360283011,22.179990000000,0.000014420000
1360283021,22.110010000000,0.010000000000
1360283021,22.179990000000,18.280897670000
1360283021,22.180000000000,5.000000000000
1360283021,22.190000000000,5.000000000000
1360283021,22.197880000000,5.147156750000
1360283022,22.197890000000,11.000000000000
1360283022,22.197900000000,34.250000000000
1360283022,22.198000000000,124.068393090000
1360283029,22.021010000000,0.010000000000
1360283086,22.025140000000,0.264112970000
1360283090,22.190990000000,0.010361560000
1360283144,22.100010000000,0.010000000000
1360283160,22.100010000000,0.010000000000
1360283203,22.190990000000,0.331667570000
1360283203,22.191000000000,2.255295930000
1360283209,22.100010000000,0.010000000000
1360283213,22.012010000000,0.010000000000
1360283249,22.099990000000,0.012618110000
1360283249,22.191000000000,1.377444890000
1360283253,22.016150000000,0.010000000000
1360283316,22.100010000000,0.010000000000
1360283319,22.191000000000,1.367259180000
1360283319,22.197930000000,5.000000000000
1360283319,22.197940000000,0.010000000000
1360283319,22.197950000000,0.010000000000
1360283319,22.197960000000,0.010000000000
1360283319,22.197970000000,0.010000000000
1360283320,22.197980000000,0.010000000000
1360283320,22.197990000000,3.200000000000
1360283320,22.198000000000,99.730266690000
1360283322,22.100010000000,0.010000000000
1360283401,22.197920000000,0.022023870000
1360283401,22.197930000000,0.010000000000
1360283401,22.197950000000,0.010000000000
1360283412,22.197950000000,0.861000000000
1360283419,22.197950000000,5.000000000000
1360283421,22.197950000000,0.010000000000
1360283424,22.197950000000,0.010000000000
1360283426,22.197960000000,0.008595170000
1360283426,22.197980000000,3.000000000000
1360283426,22.198000000000,1.981500000000
1360283441,22.197970000000,13.506104830000
1360283483,22.198000000000,2.200200000000
1360283499,22.197950000000,8.096895170000
1360283568,22.198000000000,12.923212600000
1360283582,22.197950000000,0.980080960000
1360283582,22.020000000000,0.237100000000
1360283582,22.016080000000,0.222819040000
1360283625,22.197990000000,0.266072600000
1360283625,22.198000000000,17.802160800000
1360283625,22.020230000000,0.010000000000
1360283631,22.198000000000,8.817037400000
1360283633,22.021270000000,0.010000000000
1360283692,22.026410000000,25.700000000000
1360283693,22.026410000000,0.810000000000
1360283732,22.197990000000,0.315300000000
1360283733,22.197990000000,0.006806920000
1360283735,22.197990000000,12.905870900000
1360283746,22.197980000000,13.224973190000
1360283747,22.198000000000,8.110105210000
1360283749,22.030460000000,0.010000000000
1360283790,22.198000000000,6.451496200000
1360283790,22.034500000000,0.010000000000
1360283802,22.198000000000,12.759283710000
1360283810,22.198000000000,45.049100000000
1360283810,22.034500000000,0.010000000000
1360283867,22.034500000000,0.326695700000
1360283911,22.198000000000,7.350000000000
1360283922,22.034500000000,0.010000000000
1360284003,22.035010000000,0.190000000000
1360284031,22.099990000000,0.057883410000
1360284032,22.100000000000,1.662510190000
1360284043,22.099980000000,0.189985360000
1360284055,22.100000000000,1.437000000000
1360284060,22.100000000000,0.000489810000
1360284061,22.189010000000,0.392494010000
1360284061,22.197000000000,5.000000000000
1360284061,22.198000000000,44.607016180000
1360284070,22.035110000000,0.010000000000
1360284117,22.031010000000,0.010000000000
1360284171,22.189000000000,0.219292400000
1360284171,22.189010000000,0.235496410000
1360284174,22.189010000000,0.936000000000
1360284204,22.189010000000,2.609211190000
1360284205,22.031010000000,0.010000000000
1360284226,22.188990000000,0.014477570000
1360284226,22.189000000000,17.185650730000
1360284230,22.032020000000,0.010000000000
1360284234,22.030010000000,0.010000000000
1360284235,22.189000000000,10.466270430000
1360284235,22.189000000000,10.821045070000
1360284239,22.030010000000,0.010000000000
1360284339,22.190000000000,10.000000000000
1360284341,22.191000000000,0.220405100000
1360284341,22.191000000000,65.000000000000
1360284346,22.198000000000,2.456558410000
1360284346,22.198000000000,6.000000000000
1360284346,22.199000000000,23.698961780000
1360284347,22.200000000000,0.250000000000
1360284347,22.200000000000,0.002840800000
1360284347,22.200000000000,20.000000000000
1360284347,22.200000000000,10.000000000000
1360284347,22.200000000000,0.500000000000
1360284355,22.200000000000,37.091639010000
1360284355,22.191000000000,24.779594900000
1360284357,22.150010000000,0.010000000000
1360284363,22.208100000000,0.122837790000
1360284363,22.210000000000,2.457176910000
1360284364,22.150010000000,0.010000000000
1360284365,22.150010000000,20.535082770000
1360284365,22.150000000000,23.593683320000
1360284369,22.209990000000,0.010000000000
1360284409,22.209990000000,1.720009800000
1360284420,22.209990000000,18.563870120000
1360284420,22.210000000000,2.637443880000
1360284422,22.150020000000,0.010000000000
1360284431,22.210000000000,14.905379210000
1360284431,22.215840000000,0.141297840000
1360284432,22.215840000000,4.024829750000
1360284434,22.150020000000,0.010000000000
1360284450,22.215830000000,0.018165260000
1360284450,22.215840000000,2.975170250000
1360284450,22.219990000000,6.896735990000
1360284457,22.150030000000,0.010000000000
1360284464,22.219990000000,21.604400000000
1360284464,22.150030000000,0.010000000000
1360284474,22.219990000000,21.285164200000
1360284476,22.150030000000,0.010000000000
1360284487,22.150030000000,13.419378390000
1360284508,22.219990000000,66.831700000000
1360284508,22.150030000000,0.010000000000
1360284543,22.219990000000,0.450000000000
1360284543,22.150030000000,0.010000000000
1360284556,22.199990000000,0.010000000000
1360284575,22.199990000000,13.388913850000
1360284575,22.200000000000,4.500000000000
1360284575,22.219990000000,3.355395850000
1360284579,22.150010000000,0.010000000000
1360284611,22.219980000000,0.036716960000
1360284611,22.219990000000,21.463445940000
1360284614,22.150010000000,0.010000000000
1360284616,22.219990000000,10.000000000000
1360284619,22.150020000000,0.010000000000
1360284667,22.180000000000,6.572000000000
1360284686,22.219990000000,3.010022200000
1360284690,22.200010000000,0.010000000000
1360284699,22.219990000000,0.860004900000
1360284700,22.219990000000,42.144637180000
1360284700,22.219990000000,7.000000000000
1360284700,22.220000000000,5.000000000000
1360284700,22.220000000000,39.267942410000
1360284700,22.220970000000,0.800900000000
1360284700,22.222220000000,2.500000000000
1360284700,22.224500000000,0.080410000000
1360284701,22.228500000000,1.430000000000
1360284701,22.230000000000,9.726110410000
1360284701,22.200010000000,0.010000000000
1360284705,22.230000000000,0.595652760000
1360284706,22.200010000000,0.010000000000
1360284722,22.220970000000,0.893479140000
1360284722,22.200010000000,0.010000000000
1360284726,22.220970000000,0.248188650000
1360284728,22.200010000000,0.010000000000
1360284728,22.220970000000,0.744565950000
1360284730,22.220970000000,0.248188650000
1360284733,22.200010000000,0.010000000000
1360284775,22.220970000000,3.010022200000
1360284776,22.200010000000,0.010000000000
1360284793,22.200010000000,0.250000000000
1360284832,22.220000000000,0.200000000000
1360284832,22.220970000000,0.855555410000
1360284834,22.230000000000,0.561845400000
1360284835,22.229990000000,0.195439820000
1360284835,22.230000000000,0.647328280000
1360284835,22.230000000000,0.234102250000
1360284836,22.230000000000,0.702306750000
1360284839,22.230000000000,0.234102250000
1360284865,22.230000000000,19.350145600000
1360284910,22.230000000000,12.948406300000
1360284910,22.230000000000,5.000000000000
1360284910,22.230550000000,0.086740000000
1360284910,22.231800000000,0.790958520000
1360284911,22.234700000000,0.240830000000
1360284911,22.239990000000,0.750000000000
1360284911,22.239990000000,0.100000000000
1360284911,22.239990000000,0.500000000000
1360284911,22.240000000000,0.913376380000
1360284927,22.231800000000,1.357466060000
1360284983,22.221010000000,0.695345090000
1360284983,22.220980000000,0.304654910000
1360284997,22.220980000000,1.000000000000
1360285004,22.231790000000,0.695345090000
1360285005,22.231800000000,5.642533940000
1360285013,22.240000000000,89.086623620000
1360285018,22.247000000000,0.333000000000
1360285022,22.247010000000,0.843000000000
1360285025,22.247010000000,11.870000000000
1360285027,22.248230000000,0.014740000000
1360285031,22.248900000000,10.000000000000
1360285031,22.249980000000,1.000000000000
1360285031,22.250000000000,0.100000000000
1360285031,22.250000000000,0.100000000000
1360285031,22.250000000000,0.010000000000
1360285031,22.250000000000,0.500000000000
1360285031,22.250000000000,2.000000000000
1360285031,22.250000000000,1.950600000000
1360285037,22.250000000000,23.049400000000
1360285037,22.250000000000,0.100000000000
1360285037,22.250000000000,0.205451820000
1360285037,22.250000000000,5.000000000000
1360285045,22.250790000000,0.268540000000
1360285050,22.250810000000,0.237207650000
1360285050,22.250800000000,4.762792350000
1360285052,22.257110000000,0.237207650000
1360285052,22.257120000000,0.045690000000
1360285059,22.257140000000,0.732248810000
1360285059,22.257130000000,4.567751190000
1360285065,22.268230000000,0.732248810000
1360285065,22.268240000000,0.255970000000
1360285066,22.269090000000,0.019480000000
1360285066,22.270000000000,5.000000000000
1360285066,22.279000000000,1.000000000000
1360285066,22.279990000000,0.100000000000
1360285067,22.280670000000,0.367460000000
1360285067,22.287130000000,0.252510000000
1360285067,22.290000000000,5.000000000000
1360285067,22.290000000000,6.177124270000
1360285070,22.268260000000,1.408180000000
1360285079,22.290000000000,0.529926000000
1360285090,22.289990000000,1.408180000000
1360285090,22.290000000000,3.292949730000
1360285095,22.290410000000,0.139700000000
1360285095,22.291000000000,5.000000000000
1360285095,22.292480000000,0.082320000000
1360285095,22.294860000000,0.150830000000
1360285095,22.297600000000,1.200000000000
1360285095,22.300000000000,14.761763800000
1360285099,22.290020000000,0.040000000000
1360285109,22.290010000000,1.000000000000
1360285117,22.291000000000,7.000000000000
1360285117,22.300000000000,14.341926200000
1360285134,22.299990000000,0.040000000000
1360285134,22.300000000000,4.960000000000
1360285136,22.290020000000,0.548289310000
1360285154,22.290020000000,0.368510690000
1360285154,22.300000000000,0.426378310000
1360285157,22.290020000000,0.040000000000
1360285163,22.290010000000,50.000000000000
1360285164,22.290020000000,49.960000000000
1360285164,22.300000000000,23.409931690000
1360285164,22.300000000000,5.000000000000
1360285164,22.300000000000,0.030000000000
1360285164,22.300000000000,0.500000000000
1360285164,22.300000000000,0.100000000000
1360285165,22.300000000000,15.000000000000
1360285165,22.300000000000,2.000000000000
1360285165,22.300000000000,1.000000000000
1360285165,22.300000000000,3.000068310000
1360285167,22.290010000000,1.000000000000
1360285170,22.299990000000,0.588289310000
1360285170,22.300000000000,0.411710690000
1360285178,22.300000000000,6.587721000000
1360285178,22.300000000000,9.970000000000
1360285178,22.300000000000,48.037000000000
1360285178,22.300000000000,1.000000000000
1360285183,22.300010000000,0.102000000000
1360285210,22.300010000000,0.000104800000
1360285210,22.300000000000,34.405279000000
1360285210,22.268250000000,5.594616200000
1360285236,22.300000000000,10.000000000000
1360285239,22.304160000000,0.438440000000
1360285240,22.304160000000,0.101290000000
1360285240,22.306000000000,0.090600000000
1360285240,22.307600000000,0.294920000000
1360285240,22.307780000000,0.308050000000
1360285242,22.309990000000,0.100000000000
1360285242,22.310000000000,0.200000000000
1360285242,22.315180000000,0.014880000000
1360285242,22.320000000000,25.395398000000
1360285243,22.320960000000,0.011040000000
1360285243,22.320960000000,0.094990000000
1360285243,22.322700000000,0.789925360000
1360285243,22.323800000000,0.788022440000
1360285244,22.325200000000,1.000000000000
1360285244,22.330000000000,0.200000000000
1360285244,22.335000000000,1.000000000000
1360285245,22.336400000000,0.788172990000
1360285246,22.340000000000,1.751300000000
1360285247,22.340000000000,0.996000000000
1360285247,22.340000000000,0.110000000000
1360285247,22.344800000000,1.200000000000
1360285247,22.347100000000,0.205380670000
1360285247,22.349980000000,1.000000000000
1360285247,22.349990000000,0.100000000000
1360285248,22.350000000000,1.000000000000
1360285248,22.350000000000,0.500000000000
1360285248,22.350000000000,0.100000000000
1360285248,22.350000000000,2.000000000000
1360285248,22.350000000000,5.694717600000
1360285248,22.350000000000,3.000000000000
1360285248,22.350000000000,0.100000000000
1360285248,22.354600000000,28.697300700000
1360285249,22.354610000000,0.033410000000
1360285249,22.354610000000,0.021132230000
1360285249,22.354610000000,0.018490700000
1360285249,22.355000000000,11.856539310000
1360285283,22.354980000000,4.294792480000
1360285285,22.330000000000,13.676000000000
1360285286,22.354980000000,6.145207520000
1360285325,22.355000000000,58.495849420000
1360285331,22.360000000000,30.000000000000
1360285333,22.355010000000,1.505711200000
1360285337,22.360000000000,100.000000000000
1360285344,22.360000000000,100.000000000000
1360285345,22.360000000000,100.000000000000
1360285345,22.355010000000,0.748000000000
1360285353,22.355020000000,0.043721100000
1360285353,22.355010000000,0.356261010000
1360285353,22.359990000000,0.102104800000
1360285354,22.360000000000,99.897895200000
1360285359,22.355020000000,0.102104810000
1360285359,22.355010000000,0.047895190000
1360285365,22.360000000000,100.000000000000
1360285370,22.359990000000,0.145825910000
1360285371,22.360000000000,99.854174090000
1360285382,22.360000000000,5.365443200000
1360285384,22.360000000000,100.000000000000
1360285387,22.360000000000,100.000000000000
1360285389,22.360000000000,64.882487510000
1360285389,22.360000000000,22.894000000000
1360285390,22.360000000000,4.594000000000
1360285392,22.366220000000,0.148660000000
1360285392,22.376700000000,0.787112140000
1360285392,22.376790000000,0.892160000000
1360285392,22.382330000000,0.016530000000
1360285392,22.383760000000,0.155537860000
1360285397,22.383760000000,0.202672140000
1360285398,22.386150000000,0.127030000000
1360285403,22.389990000000,0.025797860000
1360285424,22.389990000000,0.074202140000
1360285439,22.395920000000,0.024060000000
1360285446,22.395930000000,0.793340000000
1360285457,22.399980000000,12.298843160000
1360285457,22.399990000000,9.807066870000
1360285477,22.355020000000,0.020000000000
1360285484,22.395920000000,0.018321380000
1360285484,22.395930000000,0.060000000000
1360285485,22.399970000000,11.720000000000
1360285485,22.399990000000,6.576780320000
1360285517,22.398990000000,0.053899450000
1360285517,22.399000000000,0.020000000000
1360285518,22.399990000000,20.147978510000
1360285527,22.399000000000,0.010000000000
1360285537,22.399990000000,0.048252700000
1360285547,22.399000000000,0.020000000000
1360285550,22.399000000000,5.000000000000
1360285554,22.399000000000,1.000000000000
1360285567,22.399000000000,1.000000000000
1360285594,22.399000000000,1.000000000000
1360285595,22.399000000000,0.020000000000
1360285608,22.399000000000,16.950200000000
1360285614,22.251010000000,0.010000000000
1360285621,22.398000000000,13.049800000000
1360285621,22.399990000000,8.316588400000
1360285661,22.330000000000,0.020000000000
1360285666,22.398000000000,1.700000000000
1360285670,22.330000000000,12.900000000000
1360285708,22.397980000000,9.997000000000
1360285708,22.397990000000,0.912840140000
1360285709,22.398000000000,5.379034280000
1360285715,22.330010000000,0.010000000000
1360285719,22.398000000000,4.700610700000
1360285737,22.330010000000,0.500000000000
1360285739,22.330010000000,0.500000000000
1360285742,22.397990000000,0.500000000000
1360285776,22.280010000000,0.010000000000
1360285800,22.300000000000,0.064051550000
1360285818,22.397990000000,0.607486140000
1360285819,22.398000000000,10.075708060000
1360285821,22.300010000000,0.010000000000
1360286030,22.320010000000,1.108300000000
1360286053,22.387990000000,1.053407980000
1360286054,22.388000000000,3.219871720000
1360286054,22.320020000000,0.010000000000
1360286087,22.388000000000,10.255873300000
1360286089,22.320040000000,0.010000000000
1360286129,22.396870000000,0.014075270000
1360286129,22.396880000000,8.750000000000
1360286130,22.396900000000,5.337746730000
1360286130,22.320040000000,0.010000000000
1360286210,22.378100000000,4.892970000000
1360286210,22.395000000000,6.107030000000
1360286211,22.320060000000,0.010000000000
1360286212,22.395000000000,5.982593600000
1360286217,22.320060000000,0.010000000000
1360286240,22.395000000000,0.252376400000
1360286240,22.395000000000,6.584869100000
1360286240,22.320060000000,0.010000000000
1360286317,22.395000000000,5.757130900000
1360286317,22.395000000000,7.084769100000
1360286318,22.320060000000,0.010000000000
1360286323,22.320060000000,0.020000000000
1360286356,22.395000000000,0.837200000000
1360286358,22.320060000000,0.010000000000
1360286379,22.395000000000,0.369623660000
1360286379,22.320060000000,0.010000000000
1360286496,22.320060000000,5.300000000000
1360286537,22.320060000000,1.000000000000
1360286558,22.394800000000,1.337000000000
1360286558,22.394900000000,0.133700000000
1360286559,22.395000000000,4.050407240000
1360286559,22.395000000000,5.162086960000
1360286560,22.320060000000,0.010000000000
1360286569,22.395000000000,7.179913040000
1360286570,22.395000000000,3.820086960000
1360286576,22.320060000000,0.010000000000
1360286581,22.395000000000,7.144451880000
1360286582,22.320060000000,0.010000000000
1360286623,22.320060000000,1.000000000000
1360286645,22.395000000000,1.377461160000
1360286645,22.395000000000,3.082538840000
1360286646,22.320060000000,0.010000000000
1360286700,22.394800000000,1.337000000000
1360286702,22.394810000000,7.254950990000
1360286713,22.395000000000,6.917461160000
1360286713,22.395000000000,12.342000000000
1360286713,22.395000000000,2.106937340000
1360286725,22.394810000000,0.363014400000
1360286752,22.395000000000,4.273279700000
1360286807,22.395000000000,3.619782960000
1360286807,22.395000000000,2.810893500000
1360286871,22.395000000000,7.189106500000
1360286871,22.395000000000,10.000000000000
1360286871,22.395000000000,10.000000000000
1360286896,22.395010000000,100.000000000000
1360286898,22.395010000000,0.020000000000
1360286921,22.395010000000,3.794248630000
1360286923,22.396000000000,6.870647100000
1360286923,22.399000000000,0.112280000000
1360286923,22.399990000000,105.017072900000
1360286952,22.395020000000,0.144256690000
1360286952,22.395010000000,2.855743310000
1360286965,22.395010000000,1.790000000000
1360286969,22.395010000000,5.000000000000
1360286974,22.399980000000,0.144467030000
1360286974,22.399990000000,15.285718430000
1360287019,22.395020000000,0.144467040000
1360287019,22.395010000000,24.355532960000
1360287021,22.395010000000,0.014892530000
1360287025,22.399990000000,17.016070540000
1360287050,22.395010000000,2.453084580000
1360287062,22.399990000000,17.784471330000
1360287063,22.400000000000,32.215528670000
1360287085,22.400000000000,17.784471330000
1360287085,22.400000000000,0.100000000000
1360287085,22.400000000000,2.000000000000
1360287085,22.400000000000,1.000000000000
1360287085,22.400000000000,0.021370800000
1360287085,22.400000000000,0.459364570000
1360287166,22.400000000000,0.713484810000
1360287166,22.400000000000,0.100000000000
1360287166,22.400000000000,3.561515190000
1360287168,22.400000000000,11.438484810000
1360287168,22.407960000000,0.076140000000
1360287168,22.410000000000,0.200000000000
1360287168,22.410490000000,0.012270000000
1360287168,22.410490000000,1.789910000000
1360287168,22.410490000000,0.836670000000
1360287168,22.410490000000,0.412630000000
1360287168,22.410490000000,0.034180000000
1360287168,22.410490000000,0.018900000000
1360287168,22.410490000000,0.225700000000
1360287169,22.429990000000,0.100000000000
1360287169,22.430000000000,6.221503590000
1360287220,22.400010000000,0.020000000000
1360287237,22.429990000000,0.144467040000
1360287237,22.430000000000,5.178496410000
1360287237,22.430180000000,2.563936550000
1360287262,22.430160000000,0.020000000000
1360287262,22.430160000000,0.480000000000
1360287262,22.400020000000,1.032131110000
1360287274,22.430180000000,1.894342430000
1360287274,22.431920000000,0.141090000000
1360287274,22.438150000000,0.028290000000
1360287274,22.438150000000,0.024151120000
1360287274,22.440000000000,5.000000000000
1360287274,22.440000000000,0.497637030000
1360287274,22.440480000000,0.025550000000
1360287274,22.440480000000,0.016179370000
1360287274,22.445430000000,0.843410000000
1360287274,22.449680000000,0.018180000000
1360287274,22.450000000000,16.097423160000
1360287282,22.430170000000,0.673000000000
1360287298,22.439990000000,0.010000000000
1360287366,22.430160000000,0.020000000000
1360287367,22.439990000000,0.010000000000
1360287368,22.439990000000,1.685131110000
1360287368,22.440000000000,0.814868890000
1360287412,22.439990000000,0.020000000000
1360287458,22.439990000000,5.000000000000
1360287465,22.439990000000,1.500000000000
1360287486,22.439990000000,0.164500000000
1360287487,22.439990000000,0.235500000000
1360287488,22.439990000000,2.540000000000
1360287499,22.440000000000,0.853177300000
1360287514,22.440000000000,19.196474100000
1360287584,22.439990000000,1.716500000000
1360287622,22.439970000000,0.017427650000
1360287623,22.439980000000,4.506544150000
1360287624,22.439980000000,3.776955850000
1360287630,22.439980000000,0.010000000000
1360287675,22.439980000000,16.213044150000
1360287676,22.400000000000,1.000000000000
1360287676,22.395010000000,34.956955850000
1360287699,22.440000000000,1.493517300000
1360287703,22.395020000000,0.010000000000
1360287704,22.395020000000,5.000000000000
1360287741,22.395020000000,6.787183090000
1360287741,22.395010000000,16.012816910000
1360287743,22.439990000000,0.010000000000
1360287758,22.439990000000,4.812800000000
1360287780,22.395020000000,0.010000260000
1360287780,22.395010000000,0.989999740000
1360287781,22.395010000000,1.430000000000
1360287782,22.395020000000,0.010000000000
1360287782,22.395010000000,2.401618990000
1360287782,22.394810000000,0.045034610000
1360287782,22.330240000000,1.543346400000
1360287783,22.330240000000,0.230000000000
1360287783,22.439990000000,0.010000000000
1360287839,22.439980000000,4.456300000000
1360287844,22.439980000000,2.522715030000
1360287846,22.440000000000,3.878069070000
1360287855,22.395040000000,0.010000000000
1360287858,22.440000000000,3.328404500000
1360287867,22.395040000000,0.010000000000
1360287886,22.395040000000,5.000000000000
1360287894,22.440000000000,10.435488840000
1360287894,22.450000000000,0.705311160000
1360287895,22.395040000000,0.010000000000
1360287932,22.395040000000,6.751439830000
1360287933,22.330240000000,3.248560170000
1360287968,22.440000000000,0.000081990000
1360287971,22.329250000000,0.010000000000
1360287973,22.439990000000,11.863905420000
1360287973,22.450000000000,0.953226880000
1360287980,22.329250000000,0.010000000000
1360288013,22.430000000000,2.340660670000
1360288017,22.329250000000,0.010000000000
1360288084,22.430000000000,8.098705200000
1360288085,22.329250000000,0.010000000000
1360288091,22.430000000000,0.445800000000
1360288091,22.329250000000,0.010000000000
1360288113,22.430000000000,11.749037100000
1360288114,22.329250000000,0.010000000000
1360288174,22.329250000000,33.340000000000
1360288200,22.329250000000,8.523970000000
1360288237,22.430000000000,5.126850900000
1360288239,22.430000000000,4.280400000000
1360288239,22.329250000000,0.010000000000
1360288245,22.430000000000,0.012956320000
1360288247,22.329250000000,0.010000000000
1360288367,22.329250000000,15.281126800000
1360288367,22.329240000000,4.478431920000
1360288367,22.305430000000,1.240441280000
1360288369,22.429990000000,0.010000000000
1360288414,22.305440000000,3.400000000000
1360288415,22.429990000000,0.010000000000
1360288475,22.429990000000,21.366388400000
1360288485,22.369990000000,1.898000000000
1360288487,22.305430000000,0.265927590000
1360288488,22.369990000000,0.010000000000
1360288500,22.369990000000,8.916600000000
1360288514,22.369990000000,19.144068010000
1360288515,22.369990000000,0.023949490000
1360288557,22.349990000000,1.337494430000
1360288560,22.305440000000,5.701072330000
1360288560,22.305430000000,3.615669130000
1360288572,22.305430000000,1.713000000000
1360288583,22.349990000000,0.010000000000
1360288584,22.300000000000,4.945589810000
1360288586,22.300000000000,5.000000000000
1360288589,22.349990000000,0.010000000000
1360288667,22.349990000000,15.773214510000
1360288703,22.349990000000,3.000000000000
1360288739,22.350000000000,30.000000000000
1360288762,22.349990000000,25.969485490000
1360288762,22.300000000000,8.272710190000
1360288762,22.261640000000,49.622672820000
1360288822,22.349990000000,0.078676400000
1360288822,22.350000000000,17.091323600000
1360288825,22.261650000000,0.010000000000
1360288829,22.350000000000,0.012997760000
1360288833,22.261660000000,0.010000000000
1360288846,22.350000000000,8.895678640000
1360288846,22.370000000000,10.000000000000
1360288846,22.399000000000,2.259175360000
1360288852,22.261660000000,0.010000000000
1360288858,22.398990000000,0.122054480000
1360288858,22.399000000000,0.101659170000
1360288862,22.261660000000,0.010000000000
1360288884,22.400000000000,22.321428570000
1360288885,22.400000000000,13.392857140000
1360288886,22.261670000000,0.010000000000
1360288912,22.400000000000,3.204962300000
1360288913,22.261670000000,0.010000000000
1360288934,22.400000000000,17.080751990000
1360288934,22.429000000000,4.285636410000
1360288942,22.262670000000,0.010000000000
1360288943,22.262670000000,10.000000000000
1360288982,22.363690000000,10.000000000000
1360288982,22.428980000000,0.087080260000
1360288982,22.430000000000,11.110516940000
1360288987,22.270010000000,0.010000000000
1360289000,22.430000000000,17.947770700000
1360289001,22.270010000000,0.010000000000
1360289012,22.430000000000,0.941712360000
1360289012,22.430180000000,4.458278980000
1360289012,22.449000000000,15.669396460000
1360289015,22.270010000000,0.010000000000
1360289021,22.448990000000,0.048096520000
1360289021,22.450000000000,17.045012180000
1360289024,22.271030000000,0.010000000000
1360289027,22.450000000000,6.414922040000
1360289030,22.329240000000,0.010000000000
1360289117,22.449980000000,16.430000000000
1360289117,22.450000000000,4.596654700000
1360289118,22.329250000000,0.010000000000
1360289199,22.449980000000,10.683194200000
1360289200,22.329250000000,0.010000000000
1360289203,22.449980000000,0.184565860000
1360289206,22.329250000000,0.010000000000
1360289245,22.449980000000,4.742239940000
1360289245,22.450000000000,4.187449880000
1360289245,22.450000000000,0.100000000000
1360289245,22.450000000000,0.976000000000
1360289245,22.450000000000,2.000000000000
1360289245,22.450000000000,0.100000000000
1360289245,22.450000000000,9.260698580000
1360289246,22.450000000000,7.126948770000
1360289246,22.329250000000,0.010000000000
1360289280,22.449960000000,14.820000000000
1360289280,22.450000000000,6.163921600000
1360289281,22.329250000000,0.010000000000
1360289336,22.329250000000,2.000000000000
1360289385,22.449980000000,0.100000000000
1360289386,22.329250000000,0.010000000000
1360289495,22.449980000000,5.127931600000
1360289498,22.329250000000,0.010000000000
1360289553,22.449980000000,7.792068400000
1360289554,22.449990000000,1.636599810000
1360289555,22.449990000000,1.571331790000
1360289556,22.329250000000,0.010000000000
1360289605,22.449980000000,0.159984280000
1360289606,22.449980000000,4.540616320000
1360289607,22.329250000000,0.010000000000
1360289612,22.360190000000,0.964000000000
1360289619,22.449980000000,4.273279700000
1360289620,22.360190000000,0.010000000000
1360289722,22.449980000000,5.897117300000
1360289723,22.360190000000,0.010000000000
1360289763,22.429990000000,0.857341640000
1360289763,22.430000000000,3.500000000000
1360289763,22.450000000000,17.029614250000
1360289775,22.360190000000,0.010000000000
1360289924,22.449990000000,0.034911650000
1360289925,22.450000000000,16.418816800000
1360289932,22.450000000000,0.869000000000
1360289939,22.454780000000,0.107990000000
1360289939,22.455100000000,0.091350000000
1360289940,22.455600000000,0.400000000000
1360289940,22.460800000000,1.880800000000
1360289940,22.463500000000,0.407072870000
1360289941,22.469990000000,0.100000000000
1360289941,22.470000000000,1.250000000000
1360289941,22.475000000000,0.100000000000
1360289941,22.479000000000,1.000000000000
1360289941,22.479990000000,3.209336430000
1360289951,22.450000000000,5.000000000000
1360289981,22.479980000000,0.025313890000
1360289981,22.479990000000,8.790663570000
1360289981,22.480000000000,18.176922540000
1360290002,22.480000000000,0.368962430000
1360290050,22.480000000000,0.854651900000
1360290051,22.450000000000,1.000000000000
1360290060,22.450000000000,0.250000000000
1360290083,22.479980000000,6.960000000000
1360290083,22.480000000000,7.996473900000
1360290098,22.480000000000,61.570989230000
1360290153,22.481940000000,0.047920000000
1360290153,22.482500000000,0.781573620000
1360290153,22.485580000000,0.406901040000
1360290154,22.485580000000,0.406405540000
1360290154,22.486100000000,1.200000000000
1360290156,22.488800000000,1.261678200000
1360290167,22.480010000000,0.340000000000
1360290168,22.488800000000,8.882199130000
1360290169,22.480010000000,160.508910770000
1360290169,22.450000000000,39.927271550000
1360290169,22.400000000000,15.630000000000
1360290172,22.361180000000,60.003500000000
1360290172,22.360180000000,4.346964000000
1360290172,22.329240000000,4.468431920000
1360290172,22.315280000000,6.520446000000
1360290174,22.300000000000,33.466800000000
1360290175,22.270000000000,2.000000000000
1360290177,22.250000000000,100.000000000000
1360290177,22.226480000000,70.627675760000
1360290256,22.429170000000,0.336709150000
1360290256,22.429180000000,9.482790850000
1360290257,22.227560000000,0.010000000000
1360290330,22.429180000000,44.584800000000
1360290331,22.231630000000,0.010000000000
1360290353,22.234700000000,1.000000000000
1360290362,22.429180000000,5.884709150000
1360290362,22.430180000000,4.458278980000
1360290362,22.488800000000,6.822111870000
1360290363,22.400010000000,0.010000000000
1360290366,22.400010000000,5.392026490000
1360290366,22.400000000000,16.987973510000
1360290440,22.488790000000,5.027742860000
1360290440,22.488800000000,0.732257140000
1360290441,22.400010000000,0.010000000000
1360290657,22.488800000000,20.492300000000
1360290659,22.420010000000,22.856800000000
1360290660,22.420010000000,0.010000000000
1360290704,22.488800000000,0.854651900000
1360290709,22.420010000000,0.010000000000
1360290788,22.420010000000,1.000000000000
1360290793,22.488800000000,5.954801760000
1360290796,22.490000000000,23.928574920000
1360290798,22.420010000000,0.590000000000
1360290802,22.490000000000,1.071425080000
1360290802,22.490000000000,10.000000000000
1360290802,22.490000000000,5.000000000000
1360290802,22.490000000000,3.000000000000
1360290802,22.490000000000,2.272574920000
1360290806,22.420010000000,0.010000000000
1360290840,22.420010000000,0.715356870000
1360290840,22.420010000000,2.299576630000
1360290840,22.420000000000,17.986090090000
1360290840,22.400000000000,83.012026490000
1360290840,22.400000000000,72.000000000000
1360290840,22.400000000000,24.702306790000
1360290843,22.489990000000,0.010000000000
1360290871,22.400010000000,1.400000000000
1360290874,22.489990000000,0.010000000000
1360290877,22.400010000000,0.500000000000
1360290877,22.400010000000,5.300000000000
1360290879,22.489990000000,0.010000000000
1360290888,22.489990000000,2.990084800000
1360290975,22.400010000000,2.000000000000
1360290976,22.489990000000,0.010000000000
1360291030,22.400000000000,4.000000000000
1360291031,22.449990000000,0.010000000000
1360291087,22.449990000000,8.033317800000
1360291096,22.449990000000,1.000000000000
1360291099,22.449990000000,14.371621540000
1360291101,22.400000000000,10.000000000000
1360291105,22.449990000000,0.010000000000
1360291123,22.400000000000,5.940593210000
1360291123,22.400000000000,6.864700000000
1360291123,22.330240000000,7.194706790000
1360291156,22.449990000000,10.187979990000
1360291156,22.450000000000,0.020000000000
1360291156,22.489000000000,3.219599350000
1360291160,22.329250000000,0.010000000000
1360291327,22.329250000000,148.959730330000
1360291327,22.329240000000,4.478431920000
1360291332,22.329240000000,1.724000000000
1360291426,22.329240000000,2.597500000000
1360291480,22.329240000000,4.478400000000
1360291519,22.329240000000,12.039700000000
1360291606,22.329240000000,21.250000000000
1360291733,22.329240000000,148.970237750000
1360291733,22.429180000000,52.260841010000
1360291769,22.428160000000,2.905830600000
1360291845,22.300000000000,10.000000000000
1360291846,22.420000000000,0.010000000000
1360291935,22.419990000000,15.611100000000
1360291962,22.300000000000,1.000000000000
1360291965,22.300000000000,0.330000000000
1360292028,22.419990000000,130.603969820000
1360292028,22.419990000000,6.990000000000
1360292028,22.430180000000,4.458278980000
1360292030,22.489000000000,59.953600000000
1360292030,22.490000000000,2.727425080000
1360292030,22.490000000000,2.000000000000
1360292030,22.490000000000,0.100000000000
1360292030,22.494030000000,0.020330000000
1360292030,22.494290000000,0.059040000000
1360292030,22.499500000000,0.500000000000
1360292030,22.499840000000,17.587356120000
1360292031,22.499840000000,11.158573000000
1360292032,22.499890000000,10.207815400000
1360292047,22.301010000000,0.010000000000
1360292178,22.420050000000,1.345291480000
1360292179,22.334300000000,0.010000000000
1360292185,22.420050000000,0.394708520000
1360292185,22.450000000000,0.100000000000
1360292185,22.499890000000,63.009875400000
1360292186,22.499900000000,160.495416080000
1360292190,22.334300000000,0.010000000000
1360292192,22.499890000000,0.142346520000
1360292192,22.499900000000,21.170047280000
1360292197,22.334300000000,0.010000000000
1360292234,22.499900000000,68.158361080000
1360292234,22.499980000000,100.000000000000
1360292234,22.499990000000,200.000000000000
1360292234,22.500000000000,0.100000000000
1360292234,22.500000000000,30.000000000000
1360292234,22.500000000000,1.000000000000
1360292235,22.500000000000,0.500000000000
1360292235,22.500000000000,0.100000000000
1360292235,22.500000000000,1.000000000000
1360292235,22.500000000000,0.750000000000
1360292235,22.500000000000,0.010000000000
1360292235,22.500000000000,5.000000000000
1360292235,22.500000000000,1.000000000000
1360292235,22.500000000000,0.036522210000
1360292236,22.500000000000,0.100000000000
1360292236,22.500000000000,35.000000000000
1360292236,22.500000000000,1.000000000000
1360292236,22.500000000000,0.500000000000
1360292236,22.500000000000,18.000000000000
1360292236,22.500000000000,2.000000000000
1360292236,22.500000000000,5.000000000000
1360292236,22.500000000000,10.000000000000
1360292236,22.500000000000,1.000000000000
1360292236,22.500000000000,0.010000000000
1360292236,22.500000000000,0.100000000000
1360292237,22.500000000000,10.000000000000
1360292237,22.500000000000,2.000000000000
1360292237,22.500000000000,7.635116710000
1360292239,22.334310000000,0.010000000000
1360292255,22.500000000000,13.796175800000
1360292256,22.334310000000,0.010000000000
1360292267,22.334310000000,0.346000000000
1360292356,22.334310000000,10.838000000000
1360292424,22.394800000000,0.010000000000
1360292483,22.394810000000,0.013728710000
1360292483,22.500000000000,0.210486540000
1360292490,22.350640000000,0.533532620000
1360292495,22.330240000000,9.227050380000
1360292501,22.499990000000,4.244979500000
1360292527,22.350900000000,0.010000000000
1360292554,22.499990000000,0.220000000000
1360292557,22.499990000000,2.482300000000
1360292699,22.499990000000,4.702909320000
1360292699,22.500000000000,28.358220950000
1360292699,22.500000000000,25.000000000000
1360292699,22.500000000000,0.124443940000
1360292705,22.400000000000,0.010000000000
1360292729,22.500000000000,0.220000000000
1360292730,22.400010000000,0.010000000000
1360292761,22.500000000000,0.655556060000
1360292761,22.500000000000,10.381380540000
1360292762,22.400010000000,0.010000000000
1360292805,22.400010000000,1.000000000000
1360292954,22.500000000000,8.888900000000
1360292954,22.400010000000,0.010000000000
1360292984,22.500000000000,0.888900000000
1360292985,22.400010000000,0.010000000000
1360293014,22.500000000000,8.888900000000
1360293016,22.400010000000,0.010000000000
1360293086,22.500000000000,3.411919460000
1360293089,22.500000000000,9.735896940000
1360293092,22.400010000000,0.010000000000
1360293108,22.500000000000,0.264103060000
1360293108,22.500000000000,1.500000000000
1360293108,22.500000000000,17.098661770000
1360293110,22.400010000000,0.010000000000
1360293159,22.499990000000,0.834797460000
1360293160,22.500000000000,2.723002540000
1360293161,22.410010000000,0.010000000000
1360293215,22.410020000000,0.498900000000
1360293238,22.500000000000,0.039000000000
1360293238,22.410020000000,0.010000000000
1360293287,22.410030000000,2.768465380000
1360293290,22.433390000000,0.010000000000
1360293290,22.410000000000,4.555808660000
1360293291,22.410000000000,4.555808660000
1360293292,22.410000000000,4.555808660000
1360293294,22.410000000000,4.555808660000
1360293294,22.410000000000,3.028778670000
1360293296,22.400000000000,4.555808660000
1360293297,22.400000000000,4.555808660000
1360293298,22.400000000000,4.555808660000
1360293299,22.400010000000,0.637566270000
1360293299,22.400000000000,3.918242390000
1360293304,22.400000000000,4.555808660000
1360293307,22.400000000000,4.555808660000
1360293309,22.400000000000,4.555808660000
1360293310,22.400000000000,4.555808660000
1360293314,22.400000000000,4.555808660000
1360293314,22.400000000000,4.555808660000
1360293315,22.400000000000,4.555808660000
1360293316,22.400000000000,4.555808660000
1360293318,22.400000000000,4.555808660000
1360293318,22.400000000000,4.555808660000
1360293320,22.400000000000,4.555808660000
1360293321,22.400000000000,4.555808660000
1360293323,22.400000000000,4.555808660000
1360293325,22.400000000000,4.555808660000
1360293327,22.400000000000,4.555808660000
1360293328,22.400000000000,4.555808660000
1360293329,22.400000000000,4.555808660000
1360293330,22.400000000000,4.555808660000
1360293330,22.400000000000,0.399775750000
1360293342,22.350910000000,0.010000000000
1360293373,22.350910000000,0.150000090000
1360293373,22.350910000000,0.400000000000
1360293374,22.350910000000,1.000000000000
1360293456,22.350910000000,8.727699020000
1360293467,22.350000000000,9.350982550000
1360293474,22.399990000000,0.010000000000
1360293482,22.332810000000,5.000000000000
1360293483,22.399990000000,0.010000000000
1360293512,22.399990000000,14.123947250000
1360293512,22.400000000000,4.156032910000
1360293513,22.400000000000,0.667014730000
1360293517,22.332810000000,0.010000000000
1360293546,22.332810000000,5.445575660000
1360293549,22.332810000000,0.048354110000
1360293552,22.399990000000,4.352985270000
1360293553,22.399990000000,5.444393650000
1360293561,22.399990000000,4.955467710000
1360293565,22.399990000000,18.729353370000
1360293572,22.332810000000,4.509471120000
1360293574,22.399980000000,0.049521380000
1360293574,22.399990000000,4.950646630000
1360293575,22.399990000000,4.459949740000
1360293580,22.400010000000,4.555808660000
1360293582,22.400030000000,0.206700000000
1360293583,22.410000000000,1.527029990000
1360293583,22.410000000000,4.555808660000
1360293583,22.410010000000,4.103614220000
1360293597,22.410020000000,9.079616530000
1360293605,22.410010000000,3.734279940000
1360293617,22.450000000000,0.690000000000
1360293617,22.477230000000,2.722807550000
1360293617,22.489330000000,37.395282120000
1360293617,22.500000000000,80.139335690000
1360293617,22.500000000000,0.013105400000
1360293618,22.500000000000,10.000000000000
1360293618,22.500000000000,0.100000000000
1360293619,22.500000000000,20.000000000000
1360293620,22.500000000000,58.000081560000
1360293620,22.500000000000,2.576945000000
1360293621,22.501240000000,26.876000000000
1360293621,22.505730000000,0.388050000000
1360293622,22.507710000000,6.439928890000
1360293623,22.509100000000,1.200000000000
1360293623,22.510000000000,0.200000000000
1360293624,22.517230000000,0.019820000000
1360293624,22.517650000000,0.085750000000
1360293627,22.518720000000,0.406107960000
1360293627,22.518790000000,1.400000000000
1360293627,22.519000000000,1.000000000000
1360293627,22.519990000000,0.100000000000
1360293628,22.520000000000,0.250000000000
1360293629,22.520070000000,0.159060000000
1360293630,22.520600000000,1.031200000000
1360293630,22.522050000000,4.084211320000
1360293630,22.529450000000,0.457930000000
1360293632,22.529450000000,0.107750000000
1360293632,22.533110000000,0.332510000000
1360293632,22.534030000000,1.590890000000
1360293632,22.540000000000,2.500000000000
1360293634,22.540000000000,0.250000000000
1360293634,22.540000000000,20.000000000000
1360293634,22.542070000000,0.087427460000
1360293635,22.546420000000,0.011450000000
1360293635,22.546420000000,0.095420000000
1360293635,22.550000000000,0.100000000000
1360293635,22.550000000000,2.000000000000
1360293635,22.550000000000,0.110000000000
1360293635,22.550000000000,0.100000000000
1360293638,22.556000000000,35.530318310000
1360293645,22.555990000000,0.366666670000
1360293656,22.410030000000,0.004788990000
1360293658,22.555990000000,1.224223330000
1360293658,22.555990000000,0.896841140000
1360293691,22.555990000000,0.100000000000
1360293712,22.410040000000,33.400000000000
1360293835,22.479990000000,1.556900000000
1360293866,22.479990000000,22.242000000000
1360293885,22.479990000000,17.943894470000
1360293885,22.480000000000,23.540000000000
1360293888,22.410040000000,0.010000000000
1360293910,22.556990000000,0.181983220000
1360293910,22.557000000000,114.496285850000
1360293912,22.410040000000,0.010000000000
1360293918,22.470010000000,0.953000000000
1360293924,22.470010000000,24.460000000000
1360293931,22.470010000000,18.330000000000
1360293939,22.470010000000,0.004925840000
1360293939,22.470000000000,0.015074160000
1360293988,22.470000000000,0.472625840000
1360293988,22.410030000000,15.084115010000
1360293988,22.410010000000,2.273259150000
1360294042,22.540990000000,0.890281660000
1360294044,22.410020000000,0.010000000000
1360294085,22.410020000000,0.109622930000
1360294167,22.415020000000,0.900000000000
1360294231,22.415020000000,0.010000000000
1360294294,22.540990000000,4.000000000000
1360294329,22.540990000000,0.009884650000
1360294331,22.415020000000,0.010000000000
1360294338,22.499990000000,0.010000000000
1360294350,22.499990000000,8.516105530000
1360294512,22.415020000000,0.509988240000
1360294515,22.499990000000,0.010000000000
1360294559,22.450000000000,9.000000000000
1360294560,22.499980000000,0.010000000000
1360294584,22.499980000000,6.450000000000
1360294589,22.415020000000,5.000000000000
1360294591,22.499980000000,0.010000000000
1360294617,22.499980000000,13.333300000000
1360294703,22.489990000000,16.903880780000
1360294710,22.489990000000,19.280000000000
1360294717,22.489990000000,5.203519220000
1360294718,22.422530000000,0.010000000000
1360294799,22.500000000000,5.000000000000
1360294815,22.500010000000,0.020000000000
1360294839,22.500010000000,9.189346470000
1360294848,22.526590000000,0.020342130000
1360294848,22.526600000000,4.483367420000
1360294848,22.541000000000,2.000000000000
1360294849,22.550000000000,4.909856050000
1360294849,22.500010000000,15.790653530000
1360294872,22.415020000000,0.010000000000
1360294925,22.415020000000,41.907917730000
1360294925,22.415010000000,8.292082270000
1360294925,22.415010000000,0.032080170000
1360294926,22.499990000000,0.010000000000
1360294937,22.499990000000,0.970000000000
1360295017,22.498980000000,20.000000000000
1360295023,22.415010000000,0.029152050000
1360295024,22.498980000000,0.010000000000
1360295047,22.415010000000,0.026518550000
1360295050,22.498990000000,0.010000000000
1360295058,22.415020000000,0.026556890000
1360295059,22.497990000000,0.010000000000
1360295062,22.415020000000,0.024125740000
1360295064,22.497990000000,0.010000000000
1360295075,22.415020000000,0.021949510000
1360295076,22.497990000000,0.010000000000
1360295087,22.415020000000,0.019968740000
1360295091,22.497870000000,0.010000000000
1360295151,22.415030000000,18.821619140000
1360295151,22.415010000000,70.478380860000
1360295152,22.496990000000,0.010000000000
1360295155,22.496980000000,0.603399900000
1360295162,22.496980000000,13.868000000000
1360295179,22.489990000000,3.393438400000
1360295299,22.487530000000,21.208969800000
1360295346,22.415030000000,0.090605370000
1360295355,22.415030000000,8.924250000000
1360295368,22.415030000000,0.041447140000
1360295537,22.486980000000,8.894000000000
1360295539,22.486980000000,0.915458080000
1360295539,22.487000000000,0.689000000000
1360295540,22.487520000000,3.395541920000
1360295540,22.415040000000,0.010000000000
1360295579,22.487520000000,0.000035570000
1360295580,22.415050000000,0.010000000000
1360295615,22.415100000000,0.017969460000
1360295620,22.415120000000,0.016336670000
1360295645,22.415120000000,0.014855730000
1360295659,22.415120000000,30.412579880000
1360295659,22.415110000000,4.460630540000
1360295659,22.415010000000,92.664402900000
1360295659,22.410010000000,869.462576090000
1360295664,22.487510000000,0.010000000000
1360295742,22.479990000000,2.224400000000
1360295796,22.479780000000,2.932953370000
1360295800,22.479780000000,4.840300000000
1360295803,22.479780000000,16.979907900000
1360295809,22.479700000000,1.333333330000
1360295813,22.410030000000,0.010000000000
1360295816,22.479680000000,3.462703120000
1360295816,22.479700000000,2.666666670000
1360295816,22.479790000000,4.604422510000
1360295816,22.480000000000,10.066592100000
1360295819,22.410040000000,0.010000000000
1360295943,22.480000000000,0.854100000000
1360295943,22.410040000000,0.010000000000
1360295981,22.480000000000,11.028664700000
1360295984,22.410040000000,0.010000000000
1360295987,22.410040000000,0.443648240000
1360296123,22.480000000000,0.222222220000
1360296133,22.410040000000,0.010000000000
1360296238,22.410040000000,27.966522190000
1360296239,22.410010000000,13.823477810000
1360296248,22.479990000000,0.010000000000
1360296256,22.410040000000,0.516981480000
1360296262,22.479990000000,0.010000000000
1360296280,22.410020000000,0.008750460000
1360296282,22.410020000000,0.039432260000
1360296282,22.410010000000,0.960567740000
1360296282,22.410010000000,0.001938610000
1360296283,22.410010000000,1.000000000000
1360296283,22.410010000000,0.001305320000
1360296287,22.479990000000,0.010000000000
1360296408,22.479970000000,13.796175800000
1360296462,22.410010000000,0.446229160000
1360296463,22.479970000000,0.010000000000
1360296515,22.479910000000,0.093400000000
1360296521,22.479910000000,6.155212700000
1360296539,22.479910000000,0.001394130000
1360296551,22.410020000000,13.760000000000
1360296552,22.479910000000,0.010000000000
1360296583,22.410030000000,0.013134990000
1360296584,22.479870000000,0.010000000000
1360296626,22.410040000000,0.011935650000
1360296627,22.479800000000,0.010000000000
1360296641,22.410040000000,0.010855310000
1360296642,22.479800000000,0.010000000000
1360296713,22.410040000000,0.375547390000
1360296714,22.410040000000,5.737478380000
1360296715,22.410010000000,94.262521620000
1360296716,22.479800000000,0.010000000000
1360296721,22.410010000000,3.847000000000
1360296723,22.479790000000,0.010000000000
1360296732,22.410010000000,0.000391690000
1360296732,22.383910000000,0.013485700000
1360296733,22.479740000000,0.010000000000
1360296734,22.420000000000,7.595432730000
1360296738,22.479730000000,20.721656400000
1360296738,22.479800000000,24.500000000000
1360296738,22.480000000000,4.778343600000
1360296739,22.420010000000,0.010000000000
1360296775,22.479990000000,0.030492190000
1360296775,22.480000000000,11.969507810000
1360296776,22.420010000000,0.010000000000
1360296798,22.480000000000,21.224887400000
1360296799,22.420010000000,0.010000000000
1360297060,22.420020000000,14.528161480000
1360297060,22.420000000000,10.471838520000
1360297084,22.469990000000,14.516528200000
1360297084,22.470000000000,1.800000000000
1360297090,22.470000000000,0.909000000000
1360297094,22.470000000000,0.274471800000
1360297095,22.440000000000,7.725528200000
1360297097,22.479990000000,0.010000000000
1360297104,22.440010000000,1.558000000000
1360297105,22.479990000000,0.010000000000
1360297116,22.479990000000,6.672600000000
1360297128,22.479990000000,1.023101810000
1360297128,22.480000000000,5.763764890000
1360297138,22.440020000000,7.686524970000
1360297140,22.420010000000,0.010000000000
1360297142,22.440020000000,0.000475030000
1360297142,22.480000000000,1.778885230000
1360297145,22.420010000000,0.010000000000
1360297181,22.420010000000,11.599987950000
1360297181,22.420000000000,3.400012050000
1360297182,22.479990000000,0.010000000000
1360297250,22.479980000000,20.886285270000
1360297250,22.480000000000,45.588575620000
1360297253,22.420010000000,0.010000000000
1360297262,22.480000000000,0.366666670000
1360297263,22.420010000000,0.010000000000
1360297269,22.420010000000,10.000000000000
1360297283,22.420010000000,0.900000000000
1360297373,22.489990000000,10.914159730000
1360297373,22.490000000000,9.085840270000
1360297374,22.420020000000,0.010000000000
1360297416,22.420030000000,0.108805520000
1360297471,22.489970000000,0.101411320000
1360297471,22.489980000000,1.028688680000
1360297477,22.425010000000,0.010000000000
1360297477,22.425010000000,1.590000000000
1360297483,22.425020000000,18.940000000000
1360297515,22.489930000000,0.010000000000
1360297614,22.489870000000,0.892036720000
1360297688,22.425030000000,3.921000000000
1360297689,22.489870000000,0.010000000000
1360297695,22.425030000000,0.000045020000
1360297695,22.425000000000,24.999954980000
1360297696,22.489870000000,0.010000000000
1360297853,22.425020000000,0.847043980000
1360297888,22.489990000000,0.010000000000
1360297909,22.425030000000,0.082545490000
1360297909,22.425020000000,19.997454510000
1360297918,22.489990000000,0.010000000000
1360297920,22.489990000000,24.386094740000
1360297922,22.490000000000,0.613905260000
1360297924,22.490000000000,0.839500000000
1360297942,22.425030000000,3.535000000000
1360297950,22.425030000000,20.851789580000
1360297970,22.425030000000,9.164396600000
1360298001,22.425020000000,0.002545490000
1360298002,22.425000000000,0.000045020000
1360298002,22.420000000000,3.532409490000
1360298028,22.490000000000,5.288544230000
1360298030,22.499000000000,7.436839670000
1360298033,22.489990000000,0.010000000000
1360298061,22.420010000000,3.935937990000
1360298079,22.498990000000,0.010000000000
1360298110,22.420010000000,7.753000000000
1360298112,22.498990000000,0.010000000000
1360298249,22.498990000000,28.427235180000
1360298249,22.499000000000,41.563160330000
1360298249,22.499900000000,1.578000000000
1360298250,22.500000000000,3.431604490000
1360298255,22.500000000000,106.632585330000
1360298257,22.400010000000,0.010000000000
1360298338,22.499990000000,2.133300000000
1360298339,22.401010000000,0.010000000000
1360298424,22.499920000000,0.010000000000
1360298428,22.401020000000,0.010000000000
1360298447,22.499920000000,5.668432760000
1360298447,22.499930000000,2.815153140000
1360298450,22.401020000000,0.010000000000
1360298469,22.499930000000,0.020000000000
1360298471,22.401030000000,0.010000000000
1360298612,22.401030000000,10.750000000000
1360298718,22.500000000000,44.444400000000
1360298718,22.401030000000,0.010000000000
1360298769,22.401030000000,1.000000000000
1360298808,22.401030000000,0.326657850000
1360298809,22.401030000000,0.151576410000
1360298809,22.499980000000,13.390000000000
1360298810,22.500000000000,79.700756650000
1360298810,22.500000000000,1.000000000000
1360298810,22.500000000000,1.000000000000
1360298810,22.501010000000,37.909243350000
1360298810,22.401030000000,0.010000000000
1360298836,22.500990000000,4.074239000000
1360298837,22.401030000000,0.010000000000
1360298846,22.500990000000,7.515761000000
1360298848,22.501000000000,12.121575510000
1360298848,22.501000000000,0.562663490000
1360298851,22.401010000000,0.010000000000
1360298923,22.500980000000,0.021949990000
1360298923,22.500990000000,8.777650010000
1360298924,22.456010000000,0.010000000000
1360299047,22.499980000000,8.143000000000
1360299047,22.500000000000,3.000000000000
1360299047,22.500000000000,3.000000000000
1360299047,22.501010000000,13.360756650000
1360299047,22.501010000000,0.007890550000
1360299047,22.540000000000,0.400000000000
1360299047,22.540000000000,1.000000000000
1360299047,22.540990000000,2.200000000000
1360299048,22.541030000000,0.509981320000
1360299048,22.546010000000,1.905965280000
1360299048,22.550000000000,25.090143950000
1360299048,22.550000000000,1.000000000000
1360299048,22.556990000000,1.347300000000
1360299048,22.557000000000,18.884001190000
1360299049,22.560000000000,0.250000000000
1360299049,22.560970000000,0.068990000000
1360299049,22.567610000000,0.113830000000
1360299049,22.568960000000,13.242252790000
1360299054,22.569990000000,0.100000000000
1360299054,22.571310000000,0.020231240000
1360299054,22.580000000000,0.250000000000
1360299055,22.580000000000,2.000000000000
1360299055,22.580410000000,0.034940000000
1360299055,22.581600000000,2.010400000000
1360299056,22.584980000000,0.021460000000
1360299056,22.590000000000,10.000000000000
1360299057,22.590000000000,16.796807870000
1360299057,22.591010000000,2.858947930000
1360299057,22.600000000000,0.100000000000
1360299058,22.600000000000,0.250000000000
1360299058,22.600000000000,2.000000000000
1360299058,22.600000000000,0.010759600000
1360299058,22.600000000000,4.600000000000
1360299058,22.602810000000,0.934580000000
1360299058,22.607820000000,41.357374650000
1360299058,22.609860000000,0.377150000000
1360299058,22.610000000000,0.200000000000
1360299058,22.616500000000,1.200000000000
1360299059,22.619990000000,0.100000000000
1360299059,22.620000000000,0.250000000000
1360299059,22.622140000000,0.025710000000
1360299061,22.624930000000,0.178420000000
1360299061,22.633300000000,59.943500000000
1360299061,22.634300000000,0.080420000000
1360299061,22.636860000000,0.012760000000
1360299061,22.636860000000,1.866940000000
1360299061,22.636860000000,0.872770000000
1360299064,22.636860000000,0.434570000000
1360299064,22.636860000000,0.035990000000
1360299064,22.636860000000,0.019050000000
1360299064,22.636860000000,0.228250000000
1360299065,22.640000000000,0.250000000000
1360299065,22.641000000000,2.000000000000
1360299065,22.644980000000,0.500000000000
1360299065,22.647000000000,1.000000000000
1360299065,22.649990000000,1.000000000000
1360299066,22.650000000000,3.850236550000
1360299066,22.650000000000,300.000000000000
1360299067,22.650000000000,85.398809270000
1360299074,22.456020000000,0.010000000000
1360299081,22.605490000000,0.212765960000
1360299097,22.412120000000,0.010000000000
1360299111,22.413130000000,1.000000000000
1360299211,22.605130000000,1.346170050000
1360299215,22.605130000000,0.818000000000
1360299220,22.605130000000,0.111493270000
1360299220,22.559920000000,3.831409200000
1360299222,22.559920000000,0.000097530000
1360299226,22.559930000000,0.432820000000
1360299276,22.605130000000,0.836540000000
1360299276,22.605180000000,3.595249100000
1360299277,22.559930000000,0.010000000000
1360299298,22.559930000000,1.352700000000
1360299376,22.604980000000,6.448000000000
1360299376,22.605000000000,7.346706880000
1360299378,22.559930000000,0.010000000000
1360299403,22.559930000000,5.000000000000
1360299404,22.559930000000,5.198628010000
1360299405,22.515810000000,4.801371990000
1360299438,22.514810000000,3.839085600000
1360299438,22.500000000000,5.808063040000
1360299443,22.500000000000,8.712094560000
1360299448,22.500000000000,1.329787230000
1360299449,22.500000000000,1.754000000000
1360299451,22.500000000000,3.379095100000
1360299458,22.499980000000,5.316000000000
1360299458,22.500000000000,25.177874470000
1360299461,22.549990000000,0.010000000000
1360299470,22.510000000000,4.000000000000
1360299470,22.549990000000,0.010000000000
1360299483,22.549960000000,21.136229600000
1360299492,22.549960000000,8.396398280000
1360299492,22.549970000000,5.729000000000
1360299492,22.550000000000,29.826223050000
1360299555,22.549970000000,5.168000000000
1360299555,22.550000000000,15.968229600000
1360299608,22.500010000000,1.000000000000
1360299751,22.549990000000,0.221631210000
1360299778,22.549990000000,0.761119680000
1360299780,22.550000000000,4.205547350000
1360299780,22.595100000000,2.254635070000
1360299780,22.600000000000,3.460697900000
1360299841,22.599990000000,0.060635380000
1360299841,22.600000000000,46.539302100000
1360299856,22.600000000000,0.911000000000
1360299859,22.600000000000,0.820000000000
1360299873,22.600000000000,0.020000000000
1360299873,22.600000000000,0.056162520000
1360299874,22.554800000000,0.250107480000
1360299894,22.554810000000,0.858280000000
1360299902,22.605000000000,0.933293120000
1360299902,22.605200000000,1.000000000000
1360299902,22.634650000000,3.066706880000
1360299903,22.554810000000,0.010000000000
1360299926,22.554810000000,0.311190000000
1360299981,22.554810000000,1.280000000000
1360299998,22.554810000000,0.106460000000
1360300009,22.554810000000,11.848040950000
1360300009,22.510690000000,32.162558470000
1360300075,22.509700000000,0.010000000000
1360300105,22.509700000000,32.286404630000
1360300110,22.509700000000,1.751000000000
1360300126,22.554710000000,0.010000000000
1360300248,22.500000000000,0.200000000000
1360300353,22.464680000000,23.314870100000
1360300353,22.464670000000,3.491986800000
1360300355,22.464670000000,3.520932620000
1360300606,22.499990000000,0.202284990000
1360300606,22.500000000000,6.797715010000
1360300615,22.500000000000,1.677784000000
1360300662,22.500000000000,4.824500990000
1360300664,22.509590000000,0.010000000000
1360300678,22.509590000000,22.222200000000
1360300700,22.509590000000,22.222200000000
1360300705,22.509590000000,2.000000000000
1360300721,22.509590000000,4.861332000000
1360300774,22.509590000000,22.149810920000
1360300774,22.509600000000,2.254635070000
1360300851,22.510000000000,2.185805060000
1360300897,22.540000000000,0.365044250000
1360300934,22.510020000000,0.200000000000
1360300934,22.510020000000,1.700000000000
1360300936,22.510020000000,0.180000000000
1360301135,22.510020000000,1.000000000000
1360301160,22.510020000000,2.067980530000
1360301167,22.465010000000,0.010000000000
1360301235,22.510020000000,5.000000000000
1360301236,22.465010000000,0.010000000000
1360301319,22.510020000000,0.282019470000
1360301489,22.510030000000,0.650880530000
1360301489,22.510030000000,0.009810730000
1360301497,22.465010000000,0.010000000000
1360301569,22.465010000000,1.844000000000
1360301595,22.510030000000,1.339308740000
1360301596,22.539990000000,3.000000000000
1360301596,22.540000000000,3.634955750000
1360301596,22.550000000000,3.000000000000
1360301596,22.585080000000,2.162573970000
1360301596,22.629990000000,7.860245290000
1360301596,22.630150000000,5.492616250000
1360301605,22.465010000000,0.010000000000
1360301621,22.465010000000,0.040000000000
1360301621,22.465010000000,0.255000000000
1360301641,22.460010000000,0.010000000000
1360301828,22.460010000000,0.264915290000
1360301864,22.555040000000,0.221053910000
1360301865,22.460010000000,0.010000000000
1360301900,22.460020000000,0.882300000000
1360301948,22.460020000000,9.515400000000
1360302009,22.460010000000,0.010000000000
1360302042,22.540000000000,1.700000000000
1360302044,22.460010000000,0.010000000000
1360302103,22.540000000000,0.000139750000
1360302106,22.460010000000,0.010000000000
1360302123,22.540000000000,3.726700000000
1360302131,22.460010000000,0.010000000000
1360302132,22.460010000000,4.970000000000
1360302198,22.539990000000,17.350745000000
1360302198,22.540010000000,18.556155000000
1360302199,22.460220000000,0.010000000000
1360302285,22.540010000000,7.364700000000
1360302286,22.470010000000,0.010000000000
1360302438,22.500010000000,5.000000000000
1360302464,22.540010000000,3.327400000000
1360302542,22.540010000000,20.751745000000
1360302542,22.540010000000,4.968900000000
1360302543,22.555050000000,2.162573970000
1360302543,22.600070000000,3.243860960000
1360302543,22.641000000000,5.300100000000
1360302543,22.641000000000,2.800000000000
1360302543,22.648880000000,5.830040000000
1360302543,22.648890000000,70.000000000000
1360302543,22.649900000000,1.000000000000
1360302543,22.649900000000,4.930900790000
1360302550,22.649900000000,1.903065090000
1360302551,22.649900000000,2.854597640000
1360302554,22.649900000000,0.912000000000
1360302555,22.649900000000,4.698710000000
1360302561,22.649900000000,2.183820000000
1360302568,22.649900000000,0.218380000000
1360302572,22.650000000000,4.000000000000
1360302597,22.650000000000,0.100200000000
1360302607,22.649900000000,5.739500000000
1360302608,22.650000000000,0.100200000000
1360302612,22.650000000000,0.100200000000
1360302613,22.649900000000,0.132000000000
1360302614,22.649900000000,33.000000000000
1360302614,22.650000000000,0.100200000000
1360302615,22.649900000000,4.412506550000
1360302618,22.649880000000,0.022017790000
1360302618,22.649890000000,0.078182210000
1360302620,22.649890000000,0.100200000000
1360302623,22.649890000000,0.100200000000
1360302626,22.649890000000,0.100200000000
1360302629,22.649890000000,0.100200000000
1360302633,22.649890000000,0.035290670000
1360302686,22.604610000000,0.010000000000
1360302715,22.604620000000,0.030000000000
1360302777,22.604620000000,11.652202910000
1360302782,22.481010000000,0.010000000000
1360302809,22.649990000000,0.010000000000
1360302812,22.601010000000,1.927303160000
1360302812,22.601000000000,10.000000000000
1360302813,22.559410000000,3.823849200000
1360302813,22.515200000000,14.248947640000
1360302979,22.649890000000,0.338000000000
1360302979,22.555820000000,0.010000000000
1360303012,22.649890000000,8.819000000000
1360303014,22.555820000000,0.010000000000
1360303045,22.511720000000,0.010000000000
1360303061,22.619990000000,4.474837290000
1360303061,22.620000000000,1.000000000000
1360303066,22.649900000000,1.000000000000
1360303066,22.650000000000,0.335113480000
1360303068,22.620000000000,0.099900000000
1360303070,22.620000000000,15.000000000000
1360303306,22.649990000000,0.012633270000
1360303306,22.650000000000,0.627366730000
1360303307,22.620000000000,0.010000000000
1360303322,22.620010000000,1.300000000000
1360303367,22.650000000000,0.222518910000
1360303368,22.620010000000,0.010000000000
1360303385,22.620010000000,3.843697210000
1360303385,22.620000000000,67.715862710000
1360303387,22.574770000000,0.010000000000
1360303388,22.574770000000,27.037715420000
1360303388,22.574760000000,3.821248800000
1360303388,22.530520000000,5.531475860000
1360303411,22.649990000000,16.955400000000
1360303413,22.530530000000,0.010000000000
1360303421,22.649990000000,5.509000000000
1360303422,22.530530000000,0.010000000000
1360303440,22.530530000000,42.000000000000
1360303493,22.530530000000,0.500957160000
1360303585,22.649990000000,9.803910780000
1360303585,22.650000000000,9.015391610000
1360303585,22.650000000000,0.100000000000
1360303585,22.650000000000,2.000000000000
1360303585,22.650000000000,0.100000000000
1360303585,22.650000000000,50.000000000000
1360303585,22.650000000000,2.268000000000
1360303585,22.650000000000,1.000000000000
1360303585,22.652940000000,0.024310000000
1360303585,22.654480000000,4.414137950000
1360303585,22.658510000000,0.171230000000
1360303586,22.659990000000,0.100000000000
1360303586,22.660000000000,0.250000000000
1360303586,22.664800000000,0.029660000000
1360303586,22.666900000000,1.000000000000
1360303586,22.667000000000,41.375564470000
1360303685,22.666990000000,42.488050920000
1360303685,22.667000000000,42.511949080000
1360303691,22.552550000000,0.010000000000
1360303732,22.667000000000,4.000000000000
1360303733,22.552550000000,0.010000000000
1360304029,22.560010000000,4.000000000000
1360304031,22.560010000000,0.133176930000
1360304160,22.650000000000,19.507244170000
1360304160,22.560010000000,0.010000000000
1360304165,22.560010000000,0.000850000000
1360304228,22.560010000000,0.000080000000
1360304230,22.650000000000,0.596000000000
1360304231,22.560010000000,0.010000000000
1360304239,22.650000000000,4.896755830000
1360304239,22.666900000000,1.000000000000
1360304239,22.667000000000,0.327365900000
1360304242,22.560010000000,42.017952130000
1360304243,22.560000000000,10.000000000000
1360304243,22.552530000000,4.434091360000
1360304243,22.529620000000,3.828906000000
1360304243,22.485470000000,13.049723410000
1360304286,22.514900000000,0.000080000000
1360304305,22.654470000000,9.335652210000
1360304306,22.514900000000,0.010000000000
1360304343,22.514900000000,0.000080000000
1360304362,22.654470000000,1.564398240000
1360304362,22.514900000000,0.010000000000
1360304404,22.514900000000,0.000014300000
1360304431,22.654470000000,1.898249280000
1360304434,22.514900000000,0.010000000000
1360304514,22.654470000000,0.367156210000
1360304514,22.521010000000,0.010000000000
1360304563,22.654470000000,0.273383200000
1360304563,22.521010000000,68.345801110000
1360304563,22.521000000000,11.654198890000
1360304570,22.654470000000,0.010000000000
1360304570,22.654470000000,5.066634700000
1360304652,22.654470000000,16.279212660000
1360304702,22.654470000000,3.264417130000
1360304790,22.654470000000,1.297800000000
1360304864,22.654470000000,21.103758100000
1360304918,22.521010000000,0.665714860000
1360304918,22.521000000000,3.345801110000
1360304928,22.521000000000,1.667000000000
1360305026,22.521000000000,1.776100000000
1360305038,22.521000000000,9.215384030000
1360305039,22.566040000000,1.903065090000
1360305039,22.610000000000,0.800000000000
1360305039,22.611080000000,2.854597640000
1360305039,22.649580000000,6.330711340000
1360305043,22.504480000000,0.010000000000
1360305119,22.566030000000,7.022963400000
1360305121,22.566030000000,5.000000000000
1360305245,22.504470000000,1.690000000000
1360305293,22.549990000000,42.571599110000
1360305293,22.550000000000,4.767750010000
1360305293,22.566040000000,1.903065090000
1360305293,22.611080000000,2.854597640000
1360305293,22.653480000000,59.910600000000
1360305293,22.654480000000,4.414137950000
1360305293,22.666900000000,1.000000000000
1360305293,22.667000000000,156.785120550000
1360305293,22.667150000000,0.026960000000
1360305293,22.670000000000,11.400000000000
1360305293,22.670000000000,2.000000000000
1360305293,22.672150000000,0.925390000000
1360305293,22.675000000000,0.100000000000
1360305294,22.679000000000,1.000000000000
1360305294,22.680000000000,0.250000000000
1360305294,22.681920000000,0.095910000000
1360305294,22.687250000000,0.132220000000
1360305294,22.687250000000,0.012387330000
1360305294,22.691530000000,0.074313340000
1360305294,22.699900000000,1.000000000000
1360305294,22.699980000000,0.758920000000
1360305294,22.699990000000,8.017028980000
1360305299,22.504480000000,0.010000000000
1360305448,22.660130000000,0.102163110000
1360305459,22.660140000000,0.987000000000
1360305465,22.660140000000,1.453029850000
1360305465,22.553530000000,0.987000080000
1360305704,22.614830000000,40.977039520000
1360305705,22.570510000000,0.010000000000
1360305726,22.570510000000,0.565600000000
1360305726,22.570510000000,0.186500000000
1360305727,22.570510000000,0.057000000000
1360305728,22.570510000000,0.147000000000
1360305759,22.600000000000,1.595000000000
1360305814,22.600000000000,2.137845000000
1360305896,22.614820000000,7.392960480000
1360305899,22.660040000000,0.010000000000
1360305900,22.660040000000,35.000000000000
1360305919,22.660040000000,0.200000000000
1360305919,22.660040000000,6.620467150000
1360305919,22.660050000000,0.765345670000
1360305919,22.699000000000,1.437874350000
1360305922,22.614830000000,0.010000000000
1360305953,22.614810000000,0.010000000000
1360305981,22.650000000000,0.240003200000
1360305982,22.614840000000,0.010000000000
1360305984,22.650000000000,0.352748350000
1360305984,22.614840000000,6.988340010000
1360305984,22.569590000000,3.992185000000
1360305984,22.552530000000,4.434091360000
1360305984,22.525360000000,60.000800000000
1360305984,22.524360000000,6.387496000000
1360305984,22.504470000000,15.081284290000
1360305984,22.500000000000,49.226600000000
1360305984,22.469870000000,1.000000000000
1360305984,22.460000000000,5.219500000000
1360305984,22.459990000000,0.110000000000
1360305985,22.433900000000,17.559703340000
1360305986,22.540010000000,0.110000000000
1360306136,22.590010000000,0.017366700000
1360306325,22.590010000000,10.900000000000
1360306340,22.649990000000,0.211020540000
1360306341,22.590010000000,0.010000000000
1360306397,22.649990000000,5.737294900000
1360306398,22.590010000000,0.010000000000
1360306533,22.590010000000,0.060000000000
1360306534,22.590010000000,2.000000000000
1360306582,22.590010000000,0.423690690000
1360306583,22.590000000000,3.109434960000
1360306585,22.649990000000,0.010000000000
1360306688,22.649980000000,1.324503310000
1360306804,22.649980000000,13.153263390000
1360306805,22.650000000000,9.407248450000
1360306805,22.654480000000,4.414137950000
1360306805,22.698980000000,1.370000000000
1360306805,22.698990000000,2.750000000000
1360306805,22.699000000000,4.562125650000
1360306805,22.699900000000,1.000000000000
1360306805,22.699990000000,11.982971020000
1360306805,22.700000000000,7.571556060000
1360306805,22.700000000000,0.100000000000
1360306805,22.700000000000,0.250000000000
1360306805,22.700000000000,1.671279290000
1360306832,22.590010000000,0.010000000000
1360306912,22.649980000000,0.072110000000
1360306912,22.699000000000,0.900000000000
1360306912,22.699000000000,0.183882270000
1360306915,22.590020000000,0.010000000000
1360306991,22.698990000000,0.088755630000
1360306991,22.699000000000,0.086117730000
1360306991,22.699900000000,0.045877190000
1360306992,22.590020000000,0.010000000000
1360307159,22.699900000000,0.954122810000
1360307160,22.700000000000,0.328720710000
1360307160,22.700000000000,10.000000000000
1360307160,22.700000000000,10.000000000000
1360307161,22.700000000000,0.016909000000
1360307161,22.700000000000,50.000000000000
1360307161,22.700000000000,189.329493830000
1360307163,22.590030000000,0.010000000000
1360307172,22.590030000000,4.357600000000
1360307174,22.590030000000,0.190000000000
1360307176,22.590030000000,0.200000000000
1360307209,22.590030000000,0.011398380000
1360307289,22.669990000000,4.700234400000
1360307290,22.670000000000,0.593065600000
1360307291,22.590040000000,0.010000000000
1360307338,22.590050000000,36.281107350000
1360307339,22.590000000000,6.780565040000
1360307339,22.590000000000,20.000000000000
1360307340,22.552540000000,0.010000000000
1360307354,22.580000000000,4.428700000000
1360307386,22.647730000000,0.010000000000
1360307387,22.647730000000,4.900000000000
1360307535,22.639990000000,31.394843180000
1360307536,22.640000000000,100.000000000000
1360307570,22.640000000000,1338.437356820000
1360307572,22.553540000000,0.010000000000
1360307586,22.572090000000,0.088341200000
1360307605,22.640000000000,1.000000000000
1360307606,22.689990000000,1.100000000000
1360307606,22.699900000000,0.665406920000
1360307608,22.572090000000,0.010000000000
1360307646,22.572090000000,0.100000000000
1360307660,22.699890000000,0.000003520000
1360307660,22.572090000000,0.010000000000
1360307663,22.699890000000,0.093103170000
1360307663,22.699900000000,0.334593080000
1360307663,22.700000000000,43.625169160000
1360307691,22.599990000000,0.012938820000
1360307691,22.600000000000,24.530000000000
1360307703,22.667790000000,2.772627230000
1360307706,22.600010000000,0.010000000000
1360307736,22.600010000000,0.052288950000
1360307747,22.600010000000,5.000000000000
1360307766,22.689970000000,7.911617860000
1360307766,22.689980000000,0.475280710000
1360307773,22.600010000000,0.010000000000
1360307775,22.689980000000,0.004060380000
1360307779,22.600010000000,0.010000000000
1360307811,22.600010000000,20.000000000000
1360307842,22.689980000000,0.110658910000
1360307842,22.689980000000,2.435743380000
1360307843,22.600010000000,0.010000000000
1360307979,22.689980000000,1.214256620000
1360307980,22.689990000000,1.785743380000
1360307981,22.689990000000,18.127554380000
1360307982,22.690000000000,0.487624320000
1360307985,22.689990000000,0.086760150000
1360307985,22.690000000000,63.451620970000
1360307986,22.600010000000,0.010000000000
1360307996,22.690000000000,20.651816820000
1360307997,22.600020000000,0.010000000000
1360308143,22.690000000000,0.364238410000
1360308144,22.600020000000,0.010000000000
1360308199,22.690000000000,9.637514520000
1360308200,22.600020000000,0.010000000000
1360308357,22.600030000000,10.000000000000
1360308367,22.600030000000,0.201613560000
1360308422,22.649990000000,0.010000000000
1360308642,22.610980000000,1.503416540000
1360308644,22.649990000000,0.010000000000
1360308652,22.649990000000,0.044200000000
1360308738,22.610980000000,3.486623460000
1360308786,22.610960000000,8.567237430000
1360308802,22.610960000000,1.000000000000
1360308836,22.610960000000,1.890855410000
1360308950,22.610960000000,71.156707160000
1360308950,22.600000000000,0.843292840000
1360309012,22.610970000000,4.513376540000
1360309040,22.669990000000,0.037261590000
1360309040,22.670000000000,14.962738410000
1360309041,22.610990000000,0.010000000000
1360309082,22.610990000000,19.684252360000
1360309083,22.610990000000,100.000000000000
1360309083,22.610980000000,172.391823460000
1360309083,22.600000000000,125.923924180000
1360309086,22.600010000000,0.070000000000
1360309086,22.600010000000,0.250000000000
1360309088,22.669990000000,0.010000000000
1360309120,22.669990000000,19.689459930000
1360309120,22.670000000000,0.427779390000
1360309120,22.689000000000,15.310000000000
1360309120,22.690000000000,29.572760680000
1360309124,22.600010000000,0.010000000000
1360309125,22.689990000000,0.364271080000
1360309125,22.690000000000,0.834424280000
1360309127,22.690000000000,0.030000000000
1360309127,22.690000000000,1.048000000000
1360309130,22.700000000000,32.000000000000
1360309131,22.700000000000,14.350000000000
1360309162,22.699900000000,0.170000000000
1360309270,22.690000000000,0.050000000000
1360309440,22.699900000000,20.642719100000
1360309491,22.699900000000,20.642719100000
1360309529,22.699900000000,20.642719100000
1360309567,22.699900000000,20.642719100000
1360309586,22.690000000000,0.240000000000
1360309586,22.690000000000,0.387600000000
1360309587,22.690000000000,2.000000000000
1360309590,22.690000000000,1.616815770000
1360309590,22.621930000000,1.250622400000
1360309590,22.611000000000,2.122561830000
1360309708,22.699900000000,6.124006670000
1360309708,22.611010000000,0.010000000000
1360309733,22.611010000000,44.701958630000
1360309733,22.610000000000,10.000000000000
1360309733,22.605000000000,10.000000000000
1360309733,22.600000000000,30.298041370000
1360309736,22.699890000000,0.010000000000
1360309784,22.699890000000,1.950000000000
1360309884,22.699890000000,2.749200000000
1360309939,22.600010000000,10.335000000000
1360309940,22.699890000000,0.010000000000
1360309965,22.699890000000,1.000000000000
1360309986,22.600010000000,1.140000000000
1360309987,22.600010000000,0.316459470000
1360309987,22.600010000000,4.683540530000
1360309988,22.699890000000,0.010000000000
1360309989,22.600010000000,0.170000000000
1360309990,22.600010000000,0.260000000000
1360309994,22.699890000000,0.010000000000
1360310206,22.610000000000,5.000000000000
1360310217,22.609990000000,1.540000000000
1360310321,22.609990000000,1.326846530000
1360310379,22.600010000000,1.000000000000
1360310383,22.609990000000,0.010000000000
1360310409,22.600010000000,1.610535000000
1360310420,22.609990000000,11.732296210000
1360310423,22.600010000000,1.739355000000
1360310424,22.609990000000,0.010000000000
1360310444,22.600010000000,8.536569470000
1360310445,22.600000000000,21.751758180000
1360310446,22.609990000000,6.877703790000
1360310448,22.609990000000,0.010000000000
1360310454,22.600000000000,2.000000000000
1360310458,22.600000000000,1.000000000000
1360310458,22.609990000000,0.010000000000
1360310463,22.600000000000,1.000000000000
1360310465,22.609990000000,0.010000000000
1360310469,22.600000000000,4.000000000000
1360310471,22.609990000000,0.010000000000
1360310473,22.600000000000,6.846066350000
